<record><header><identifier>oai:alma.41SLSP_UGE:991000058319705502</identifier><datestamp>2024-03-14T01:50:15Z</datestamp><setSpec>uge_bcen_RapidILL_BOOK</setSpec><setSpec>uge_aaca_RapidILL_BOOK</setSpec><setSpec>uge_abels_RapidILL_BOOK</setSpec><setSpec>uge_dbu_RapidILL_BOOK</setSpec><setSpec>uge_cmu_RapidILL_BOOK</setSpec><setSpec>uge_mail_RapidILL_BOOK</setSpec><setSpec>uge_abbat_RapidILL_BOOK</setSpec><setSpec>UNIGE_ALL</setSpec><setSpec>uge_acar_RapidILL_BOOK</setSpec><setSpec>uge_aobs_RapidILL_BOOK</setSpec></header><metadata>
<record xmlns="http://www.loc.gov/MARC21/slim" xmlns:xsi="http://www.w3.org/2001/XMLSchema-instance" xsi:schemaLocation="http://www.loc.gov/MARC21/slim http://www.loc.gov/standards/marcxml/schema/MARC21slim.xsd"><leader>01220nam a2200325 ca4500</leader><controlfield tag="001">991000058319705502</controlfield><controlfield tag="005">20240313235258.0</controlfield><controlfield tag="008">870902s1987    fr ||||| |||| 00| ||fre d</controlfield><datafield ind1=" " ind2=" " tag="019"><subfield code="a">Übergeordnete Aufnahme = Niveau supérieur = Livello superiore</subfield><subfield code="5">SLSP/2020</subfield></datafield><datafield ind1=" " ind2=" " tag="020"><subfield code="a">2110017554</subfield></datafield><datafield ind1=" " ind2=" " tag="035"><subfield code="a">(swissbib)082041628-41slsp_network</subfield></datafield><datafield ind1=" " ind2=" " tag="035"><subfield code="a">082041628</subfield><subfield code="9">ExL</subfield></datafield><datafield ind1=" " ind2=" " tag="035"><subfield code="a">(RERO)0881196-41slsp</subfield></datafield><datafield ind1=" " ind2=" " tag="035"><subfield code="a">(EXLNZ-41SLSP_NETWORK)991135982039705501</subfield></datafield><datafield ind1=" " ind2=" " tag="040"><subfield code="a">RERO geubfd</subfield><subfield code="d">CH-ZuSLS</subfield></datafield><datafield ind1=" " ind2="7" tag="072"><subfield code="a">dr</subfield><subfield code="2">rero</subfield></datafield><datafield ind1=" " ind2=" " tag="084"><subfield code="a">A 34.2 h</subfield><subfield code="2">cjurrom</subfield></datafield><datafield ind1="0" ind2="0" tag="245"><subfield code="a">&lt;&lt;Le&gt;&gt; contrôle de constitutionnalité</subfield><subfield code="c">documents réunis et commentés par Francis Hamon et Céline Wiener</subfield></datafield><datafield ind1=" " ind2=" " tag="250"><subfield code="a">Nouv. éd</subfield></datafield><datafield ind1=" " ind2="1" tag="264"><subfield code="a">Paris</subfield><subfield code="b">La Documentation française</subfield><subfield code="c">1987</subfield></datafield><datafield ind1=" " ind2=" " tag="300"><subfield code="a">2 vol.</subfield><subfield code="c">30 cm</subfield></datafield><datafield ind1=" " ind2=" " tag="336"><subfield code="b">txt</subfield><subfield code="2">rdacontent</subfield></datafield><datafield ind1=" " ind2=" " tag="337"><subfield code="b">n</subfield><subfield code="2">rdamedia</subfield></datafield><datafield ind1=" " ind2=" " tag="338"><subfield code="b">nc</subfield><subfield code="2">rdacarrier</subfield></datafield><datafield ind1="0" ind2=" " tag="490"><subfield code="a">Documents d'études. Droit constitutionnel et institutions politiques</subfield></datafield><datafield ind1=" " ind2=" " tag="500"><subfield code="a">La couv. tient lieu de page de titre</subfield></datafield><datafield ind1=" " ind2="7" tag="650"><subfield code="a">Droit comparé</subfield><subfield code="0">(IDREF)027741451</subfield><subfield code="2">idref</subfield></datafield><datafield ind1=" " ind2="7" tag="650"><subfield code="a">Contrôle juridictionnel des lois</subfield><subfield code="0">(IDREF)027740471</subfield><subfield code="2">idref</subfield></datafield><datafield ind1="1" ind2=" " tag="700"><subfield code="a">Hamon, Francis</subfield><subfield code="0">(RERO)A003344899</subfield></datafield><datafield ind1="1" ind2=" " tag="700"><subfield code="a">Wiener, Céline</subfield><subfield code="d">19..-....</subfield><subfield code="0">(IDREF)027196666</subfield></datafield><datafield ind1=" " ind2=" " tag="900"><subfield code="a">REROnoselfmerge</subfield></datafield></record>
</metadata></record>