<record><header><identifier>oai:alma.41SLSP_UGE:991000058129705502</identifier><datestamp>2024-10-05T00:13:39Z</datestamp><setSpec>uge_bcen_RapidILL_BOOK</setSpec><setSpec>uge_aaca_RapidILL_BOOK</setSpec><setSpec>uge_abels_RapidILL_BOOK</setSpec><setSpec>uge_dbu_RapidILL_BOOK</setSpec><setSpec>uge_cmu_RapidILL_BOOK</setSpec><setSpec>uge_mail_RapidILL_BOOK</setSpec><setSpec>uge_abbat_RapidILL_BOOK</setSpec><setSpec>UNIGE_ALL</setSpec><setSpec>uge_aobs_RapidILL_BOOK</setSpec><setSpec>uge_acar_RapidILL_BOOK</setSpec></header><metadata>
<record xmlns="http://www.loc.gov/MARC21/slim" xmlns:xsi="http://www.w3.org/2001/XMLSchema-instance" xsi:schemaLocation="http://www.loc.gov/MARC21/slim http://www.loc.gov/standards/marcxml/schema/MARC21slim.xsd"><leader>01680nam a2200361 ca4500</leader><controlfield tag="001">991000058129705502</controlfield><controlfield tag="005">20241004181141.0</controlfield><controlfield tag="008">201011s1962    th            10| | ger  </controlfield><datafield ind1=" " ind2=" " tag="035"><subfield code="a">(swissbib)216088593-41slsp_network</subfield></datafield><datafield ind1=" " ind2=" " tag="035"><subfield code="a">216088593</subfield><subfield code="9">ExL</subfield></datafield><datafield ind1=" " ind2=" " tag="035"><subfield code="a">(NEBIS)008856282EBI01</subfield></datafield><datafield ind1=" " ind2=" " tag="035"><subfield code="a">(RERO)1061200-41slsp</subfield></datafield><datafield ind1=" " ind2=" " tag="035"><subfield code="a">(IDSBB)003832426DSV01</subfield></datafield><datafield ind1=" " ind2=" " tag="035"><subfield code="a">(EXLNZ-41SLSP_NETWORK)991049808009705501</subfield></datafield><datafield ind1=" " ind2=" " tag="040"><subfield code="a">SzZuIDS NEBIS UZH</subfield><subfield code="d">CH-ZuSLS</subfield></datafield><datafield ind1=" " ind2="7" tag="072"><subfield code="a">se</subfield><subfield code="2">rero</subfield></datafield><datafield ind1="1" ind2="4" tag="082"><subfield code="a">330</subfield><subfield code="2">15</subfield></datafield><datafield ind1="0" ind2="0" tag="245"><subfield code="a">Proceedings of the Conference on pulp and paper development in Asia and the Far East</subfield><subfield code="b">held in Tokyo, 17-31 October 1960</subfield><subfield code="c">spons. jointly by the United Nations Economic Commission for Asia and the Far East ... [et al.]</subfield></datafield><datafield ind1="1" ind2="8" tag="246"><subfield code="a">Pulp and paper prospects in Asia and the Far East</subfield></datafield><datafield ind1=" " ind2="1" tag="264"><subfield code="a">Bangkok</subfield><subfield code="b">United Nations</subfield><subfield code="c">1962</subfield></datafield><datafield ind1=" " ind2=" " tag="300"><subfield code="a">2 vol.</subfield><subfield code="b">ill.</subfield><subfield code="c">28 cm</subfield></datafield><datafield ind1=" " ind2=" " tag="336"><subfield code="b">txt</subfield><subfield code="2">rdacontent</subfield></datafield><datafield ind1=" " ind2=" " tag="337"><subfield code="b">n</subfield><subfield code="2">rdamedia</subfield></datafield><datafield ind1=" " ind2=" " tag="338"><subfield code="b">nc</subfield><subfield code="2">rdacarrier</subfield></datafield><datafield ind1=" " ind2=" " tag="500"><subfield code="a">Vol. 1: 292 p. - Vol. 2: 613 p. graphs.</subfield></datafield><datafield ind1=" " ind2="7" tag="650"><subfield code="a">ASIEN</subfield><subfield code="9">ger</subfield><subfield code="0">(ETHUDK)000006247</subfield><subfield code="2">ethudk</subfield></datafield><datafield ind1=" " ind2="7" tag="650"><subfield code="a">HERSTELLUNG VON PAPIERPRODUKTEN</subfield><subfield code="9">ger</subfield><subfield code="0">(ETHUDK)000034383</subfield><subfield code="2">ethudk</subfield></datafield><datafield ind1=" " ind2="7" tag="650"><subfield code="a">PAPIERINDUSTRIE</subfield><subfield code="9">ger</subfield><subfield code="0">(ETHUDK)000034378</subfield><subfield code="2">ethudk</subfield></datafield><datafield ind1=" " ind2="7" tag="655"><subfield code="a">Konferenzschrift</subfield><subfield code="z">Tokyo</subfield><subfield code="y">1960</subfield><subfield code="2">gnd-content</subfield></datafield><datafield ind1=" " ind2="7" tag="655"><subfield code="a">Konferenzschrift</subfield><subfield code="z">Tokio</subfield><subfield code="y">1960</subfield><subfield code="2">gnd-content</subfield></datafield><datafield ind1="2" ind2=" " tag="710"><subfield code="a">Vereinte Nationen</subfield><subfield code="b">Economic Commission for Asia and the Far East</subfield><subfield code="0">(DE-588)35702-9</subfield></datafield><datafield ind1="2" ind2=" " tag="711"><subfield code="a">Conference on Pulp and Paper Development in Asia and the Far East</subfield><subfield code="d">1960</subfield><subfield code="c">Tokyo</subfield><subfield code="0">(RERO)A012511801</subfield></datafield><datafield ind1="4" ind2=" " tag="856"><subfield code="3">Titelblatt und Inhaltsverzeichnis</subfield><subfield code="u">https://toc.library.ethz.ch/objects/pdf03/e16_008856282_01.pdf</subfield><subfield code="q">pdf</subfield></datafield><datafield ind1=" " ind2=" " tag="949"><subfield code="a">https://toc.library.ethz.ch/objects/pdf03/e16_008856282_01.pdf</subfield></datafield></record>
</metadata></record>