<record><header><identifier>oai:alma.41SLSP_UGE:991000058339705502</identifier><datestamp>2023-03-29T00:18:15Z</datestamp><setSpec>uge_bcen_RapidILL_BOOK</setSpec><setSpec>uge_aaca_RapidILL_BOOK</setSpec><setSpec>uge_abels_RapidILL_BOOK</setSpec><setSpec>uge_dbu_RapidILL_BOOK</setSpec><setSpec>uge_cmu_RapidILL_BOOK</setSpec><setSpec>uge_mail_RapidILL_BOOK</setSpec><setSpec>uge_abbat_RapidILL_BOOK</setSpec><setSpec>UNIGE_ALL</setSpec><setSpec>uge_acar_RapidILL_BOOK</setSpec><setSpec>uge_aobs_RapidILL_BOOK</setSpec></header><metadata>
<record xmlns="http://www.loc.gov/MARC21/slim" xmlns:xsi="http://www.w3.org/2001/XMLSchema-instance" xsi:schemaLocation="http://www.loc.gov/MARC21/slim http://www.loc.gov/standards/marcxml/schema/MARC21slim.xsd"><leader>01102nam a2200289 c 4500</leader><controlfield tag="001">991000058339705502</controlfield><controlfield tag="005">20230328215401.0</controlfield><controlfield tag="008">050215s2004    sz ||||| |||| 00| ||fre d</controlfield><datafield ind1=" " ind2=" " tag="035"><subfield code="a">(swissbib)101587228-41slsp_network</subfield></datafield><datafield ind1=" " ind2=" " tag="035"><subfield code="a">101587228</subfield><subfield code="9">ExL</subfield></datafield><datafield ind1=" " ind2=" " tag="035"><subfield code="a">(RERO)R003791261-41slsp</subfield></datafield><datafield ind1=" " ind2=" " tag="035"><subfield code="a">(EXLNZ-41SLSP_NETWORK)991006084379705501</subfield></datafield><datafield ind1=" " ind2=" " tag="040"><subfield code="a">RERO geufpe</subfield><subfield code="d">CH-ZuSLS</subfield></datafield><datafield ind1=" " ind2=" " tag="044"><subfield code="a">sz</subfield><subfield code="c">ch-ge</subfield></datafield><datafield ind1=" " ind2="7" tag="072"><subfield code="a">ps</subfield><subfield code="2">rero</subfield></datafield><datafield ind1="1" ind2=" " tag="100"><subfield code="a">Golay, Laetitia</subfield><subfield code="0">(RERO)A011305172</subfield><subfield code="4">cre</subfield></datafield><datafield ind1="1" ind2="0" tag="245"><subfield code="a">Modulation de l'attention spatiale par un signal auditif dans une tâche de détection visuelle</subfield><subfield code="c">Laetitia Golay</subfield></datafield><datafield ind1=" " ind2="1" tag="264"><subfield code="a">Genève</subfield><subfield code="b">[éditeur non identifié]</subfield><subfield code="c">2004</subfield></datafield><datafield ind1=" " ind2=" " tag="300"><subfield code="a">68, [26] f.</subfield><subfield code="b">ill.</subfield><subfield code="c">30 cm</subfield></datafield><datafield ind1=" " ind2=" " tag="336"><subfield code="b">txt</subfield><subfield code="2">rdacontent</subfield></datafield><datafield ind1=" " ind2=" " tag="337"><subfield code="b">n</subfield><subfield code="2">rdamedia</subfield></datafield><datafield ind1=" " ind2=" " tag="338"><subfield code="b">nc</subfield><subfield code="2">rdacarrier</subfield></datafield><datafield ind1=" " ind2=" " tag="500"><subfield code="a">Diplôme d'études approfondies, psychologie cognitive et expérimentale, Univ. de Genève, 2004</subfield></datafield><datafield ind1=" " ind2=" " tag="508"><subfield code="a">Direction: Claude-Alain Hauert, Radek Ptak</subfield></datafield><datafield ind1=" " ind2="7" tag="650"><subfield code="a">Attention</subfield><subfield code="0">(IDREF)027220419</subfield><subfield code="2">idref</subfield></datafield><datafield ind1=" " ind2="7" tag="650"><subfield code="a">Perception auditive</subfield><subfield code="0">(IDREF)027457966</subfield><subfield code="2">idref</subfield></datafield><datafield ind1=" " ind2="7" tag="650"><subfield code="a">vision (psychologie)</subfield><subfield code="0">(RERO)A010165390</subfield><subfield code="2">rerovoc</subfield></datafield><datafield ind1=" " ind2=" " tag="900"><subfield code="a">REROnoselfmerge</subfield></datafield></record>
</metadata></record>