<record><header><identifier>oai:alma.41SLSP_UGE:991000057809705502</identifier><datestamp>2024-05-08T00:07:11Z</datestamp><setSpec>uge_bcen_RapidILL_BOOK</setSpec><setSpec>uge_aaca_RapidILL_BOOK</setSpec><setSpec>uge_abels_RapidILL_BOOK</setSpec><setSpec>uge_dbu_RapidILL_BOOK</setSpec><setSpec>uge_cmu_RapidILL_BOOK</setSpec><setSpec>uge_mail_RapidILL_BOOK</setSpec><setSpec>uge_abbat_RapidILL_BOOK</setSpec><setSpec>UNIGE_ALL</setSpec><setSpec>uge_acar_RapidILL_BOOK</setSpec><setSpec>uge_aobs_RapidILL_BOOK</setSpec></header><metadata>
<record xmlns="http://www.loc.gov/MARC21/slim" xmlns:xsi="http://www.w3.org/2001/XMLSchema-instance" xsi:schemaLocation="http://www.loc.gov/MARC21/slim http://www.loc.gov/standards/marcxml/schema/MARC21slim.xsd"><leader>01642nam a2200493 c 4500</leader><controlfield tag="001">991000057809705502</controlfield><controlfield tag="005">20240507111246.0</controlfield><controlfield tag="008">201011s1969    xxu||||| |||| 00| ||eng d</controlfield><datafield ind1=" " ind2=" " tag="020"><subfield code="a">0674034309</subfield></datafield><datafield ind1=" " ind2=" " tag="035"><subfield code="a">(swissbib)217585167-41slsp_network</subfield></datafield><datafield ind1=" " ind2=" " tag="035"><subfield code="a">217585167</subfield><subfield code="9">ExL</subfield></datafield><datafield ind1=" " ind2=" " tag="035"><subfield code="a">(RERO)0139162-41slsp</subfield></datafield><datafield ind1=" " ind2=" " tag="035"><subfield code="a">(IDSBB)000425244DSV01</subfield></datafield><datafield ind1=" " ind2=" " tag="035"><subfield code="a">(NEBIS)002858782EBI01</subfield></datafield><datafield ind1=" " ind2=" " tag="035"><subfield code="a">(EXLNZ-41SLSP_NETWORK)991140124069705501</subfield></datafield><datafield ind1=" " ind2=" " tag="040"><subfield code="a">RERO</subfield><subfield code="d">CH-ZuSLS</subfield></datafield><datafield ind1=" " ind2=" " tag="050"><subfield code="a">PA3265</subfield><subfield code="b">.M25 1969</subfield></datafield><datafield ind1=" " ind2="7" tag="072"><subfield code="a">gr</subfield><subfield code="2">rero</subfield></datafield><datafield ind1=" " ind2="7" tag="072"><subfield code="a">kp</subfield><subfield code="2">SzZuIDS BS/BE</subfield></datafield><datafield ind1="1" ind2=" " tag="080"><subfield code="a">87.09-5</subfield></datafield><datafield ind1="0" ind2="0" tag="082"><subfield code="a">808/.001</subfield><subfield code="2">18</subfield></datafield><datafield ind1="0" ind2="0" tag="082"><subfield code="a">160</subfield></datafield><datafield ind1=" " ind2=" " tag="084"><subfield code="a">FB 5555</subfield><subfield code="2">rvk</subfield></datafield><datafield ind1="1" ind2=" " tag="100"><subfield code="a">Maccall, Marsh H.</subfield><subfield code="c">Jr.</subfield><subfield code="0">(RERO)A012347118</subfield><subfield code="4">cre</subfield></datafield><datafield ind1="1" ind2="0" tag="245"><subfield code="a">Ancient rhetorical theories of simile and comparison</subfield><subfield code="c">Marsh H. McCall, Jr</subfield></datafield><datafield ind1=" " ind2="1" tag="264"><subfield code="a">Cambridge (Mass.)</subfield><subfield code="b">Harvard University Press</subfield><subfield code="c">1969</subfield></datafield><datafield ind1=" " ind2=" " tag="300"><subfield code="a">XII, 272 p.</subfield><subfield code="c">22 cm</subfield></datafield><datafield ind1=" " ind2=" " tag="336"><subfield code="b">txt</subfield><subfield code="2">rdacontent</subfield></datafield><datafield ind1=" " ind2=" " tag="337"><subfield code="b">n</subfield><subfield code="2">rdamedia</subfield></datafield><datafield ind1=" " ind2=" " tag="338"><subfield code="b">nc</subfield><subfield code="2">rdacarrier</subfield></datafield><datafield ind1="1" ind2=" " tag="490"><subfield code="a">Loeb classical monographs</subfield></datafield><datafield ind1=" " ind2=" " tag="504"><subfield code="a">Bibliographie S. 261-266</subfield></datafield><datafield ind1=" " ind2="7" tag="650"><subfield code="a">comparaison</subfield><subfield code="0">(RERO)A010067182</subfield><subfield code="2">rerovoc</subfield></datafield><datafield ind1=" " ind2="7" tag="650"><subfield code="a">Rhétorique antique</subfield><subfield code="0">(IDREF)027242668</subfield><subfield code="2">idref</subfield></datafield><datafield ind1=" " ind2="7" tag="650"><subfield code="a">Altertum</subfield><subfield code="0">(DE-588)4001480-0</subfield><subfield code="2">gnd</subfield></datafield><datafield ind1=" " ind2="7" tag="650"><subfield code="a">Gleichnis</subfield><subfield code="0">(DE-588)4021234-8</subfield><subfield code="2">gnd</subfield></datafield><datafield ind1=" " ind2="7" tag="650"><subfield code="a">Theorie</subfield><subfield code="0">(DE-588)4059787-8</subfield><subfield code="2">gnd</subfield></datafield><datafield ind1=" " ind2="7" tag="650"><subfield code="a">Vergleich</subfield><subfield code="g">Rhetorik</subfield><subfield code="0">(DE-588)4323144-5</subfield><subfield code="2">gnd</subfield></datafield><datafield ind1=" " ind2="0" tag="650"><subfield code="a">Simile</subfield></datafield><datafield ind1=" " ind2="0" tag="650"><subfield code="a">Rhetoric, Ancient</subfield></datafield><datafield ind1=" " ind2="0" tag="650"><subfield code="a">Classical literature</subfield><subfield code="x">History and criticism</subfield><subfield code="x">Theory, etc</subfield></datafield><datafield ind1="1" ind2=" " tag="700"><subfield code="a">MacCall, Marsh Howard</subfield></datafield><datafield ind1=" " ind2="0" tag="830"><subfield code="a">Loeb classical monographs</subfield><subfield code="w">(IDSBB)007092545DSV01</subfield></datafield><datafield ind1=" " ind2=" " tag="900"><subfield code="a">REROnoselfmerge</subfield></datafield><datafield ind1=" " ind2=" " tag="900"><subfield code="a">IDSZRMedeaZBZ</subfield><subfield code="b">IDSZRSWK</subfield></datafield></record>
</metadata></record>