<record><header><identifier>oai:alma.41SLSP_UGE:991000057499705502</identifier><datestamp>2023-03-28T00:14:56Z</datestamp><setSpec>uge_bcen_RapidILL_BOOK</setSpec><setSpec>uge_aaca_RapidILL_BOOK</setSpec><setSpec>uge_abels_RapidILL_BOOK</setSpec><setSpec>uge_dbu_RapidILL_BOOK</setSpec><setSpec>uge_cmu_RapidILL_BOOK</setSpec><setSpec>uge_mail_RapidILL_BOOK</setSpec><setSpec>uge_abbat_RapidILL_BOOK</setSpec><setSpec>UNIGE_ALL</setSpec><setSpec>uge_acar_RapidILL_BOOK</setSpec><setSpec>uge_aobs_RapidILL_BOOK</setSpec></header><metadata>
<record xmlns="http://www.loc.gov/MARC21/slim" xmlns:xsi="http://www.w3.org/2001/XMLSchema-instance" xsi:schemaLocation="http://www.loc.gov/MARC21/slim http://www.loc.gov/standards/marcxml/schema/MARC21slim.xsd"><leader>01857nam a2200337 c 4500</leader><controlfield tag="001">991000057499705502</controlfield><controlfield tag="005">20230327181041.0</controlfield><controlfield tag="008">100817s2009    xxu||||| |||| 00| ||eng d</controlfield><datafield ind1=" " ind2=" " tag="020"><subfield code="a">9780877724308</subfield></datafield><datafield ind1=" " ind2=" " tag="035"><subfield code="a">(swissbib)110733487-41slsp_network</subfield></datafield><datafield ind1=" " ind2=" " tag="035"><subfield code="a">110733487</subfield><subfield code="9">ExL</subfield></datafield><datafield ind1=" " ind2=" " tag="035"><subfield code="a">(RERO)R005510017-41slsp</subfield></datafield><datafield ind1=" " ind2=" " tag="035"><subfield code="a">(EXLNZ-41SLSP_NETWORK)991045620719705501</subfield></datafield><datafield ind1=" " ind2=" " tag="040"><subfield code="a">DLC</subfield><subfield code="d">CH-ZuSLS</subfield></datafield><datafield ind1=" " ind2="7" tag="072"><subfield code="a">sp</subfield><subfield code="2">rero</subfield></datafield><datafield ind1="0" ind2="0" tag="245"><subfield code="a">After the tax revolt</subfield><subfield code="b">California's proposition 13 turns 30</subfield><subfield code="c">Jack Citrin, Isaac Martin, editors</subfield></datafield><datafield ind1=" " ind2="1" tag="264"><subfield code="a">Berkeley. CA</subfield><subfield code="b">Berkeley Public Policy Press</subfield><subfield code="c">2009</subfield></datafield><datafield ind1=" " ind2=" " tag="300"><subfield code="a">xii, 169 p.</subfield><subfield code="c">23 cm.</subfield></datafield><datafield ind1=" " ind2=" " tag="336"><subfield code="b">txt</subfield><subfield code="2">rdacontent</subfield></datafield><datafield ind1=" " ind2=" " tag="337"><subfield code="b">n</subfield><subfield code="2">rdamedia</subfield></datafield><datafield ind1=" " ind2=" " tag="338"><subfield code="b">nc</subfield><subfield code="2">rdacarrier</subfield></datafield><datafield ind1="0" ind2=" " tag="505"><subfield code="a">The third rail of California politics / by Mark DiCamillo -- A watershed moment bridging FDR and Reagan / by John Fund -- Prop. 13 fever : how tax limitations spread / by Isaac Martin -- Coping through California's budget crises in light of proposition 13 / by David Gamage -- The evolution of Prop. 13 / by David Doerr -- Why has the Serrano-Prop. 13 connection become the conventional wisdom? / by William Fischel -- Proposition 13 and residential mobility / by Terri Sexton -- Re-assessing the fairness of market value taxation and proposition 13 / by Steven Sheffrin -- Proposition 13 thirty years later : what has it meant for governance and public services? / by Jean Ross</subfield></datafield><datafield ind1=" " ind2="0" tag="650"><subfield code="a">Real property tax</subfield><subfield code="z">California</subfield></datafield><datafield ind1=" " ind2="0" tag="650"><subfield code="a">Tax and expenditure limitations</subfield><subfield code="z">California</subfield></datafield><datafield ind1=" " ind2="7" tag="650"><subfield code="a">Propriété immobilière</subfield><subfield code="0">(IDREF)050547615</subfield><subfield code="2">idref</subfield></datafield><datafield ind1=" " ind2="7" tag="650"><subfield code="a">1978</subfield><subfield code="2">rero</subfield></datafield><datafield ind1=" " ind2="7" tag="650"><subfield code="a">Impôt</subfield><subfield code="0">(IDREF)027261956</subfield><subfield code="2">idref</subfield></datafield><datafield ind1=" " ind2="7" tag="651"><subfield code="a">Californie (États-Unis)</subfield><subfield code="0">(IDREF)027250636</subfield><subfield code="2">idref</subfield></datafield><datafield ind1=" " ind2="7" tag="655"><subfield code="a">Actes de congrès</subfield><subfield code="0">(IDREF)02886431X</subfield><subfield code="2">idref</subfield></datafield><datafield ind1="1" ind2=" " tag="700"><subfield code="a">Citrin, Jack</subfield><subfield code="0">(IDREF)077909356</subfield></datafield><datafield ind1="1" ind2=" " tag="700"><subfield code="a">Martin, Isaac William</subfield><subfield code="0">(IDREF)139900101</subfield></datafield><datafield ind1=" " ind2=" " tag="900"><subfield code="a">REROnoselfmerge</subfield></datafield></record>
</metadata></record>