<record><header><identifier>oai:alma.41SLSP_UGE:991000057829705502</identifier><datestamp>2023-03-28T00:16:46Z</datestamp><setSpec>uge_bcen_RapidILL_BOOK</setSpec><setSpec>uge_aaca_RapidILL_BOOK</setSpec><setSpec>uge_abels_RapidILL_BOOK</setSpec><setSpec>uge_dbu_RapidILL_BOOK</setSpec><setSpec>uge_cmu_RapidILL_BOOK</setSpec><setSpec>uge_mail_RapidILL_BOOK</setSpec><setSpec>uge_abbat_RapidILL_BOOK</setSpec><setSpec>UNIGE_ALL</setSpec><setSpec>uge_aobs_RapidILL_BOOK</setSpec><setSpec>uge_acar_RapidILL_BOOK</setSpec></header><metadata>
<record xmlns="http://www.loc.gov/MARC21/slim" xmlns:xsi="http://www.w3.org/2001/XMLSchema-instance" xsi:schemaLocation="http://www.loc.gov/MARC21/slim http://www.loc.gov/standards/marcxml/schema/MARC21slim.xsd"><leader>03090nam a2200793 c 4500</leader><controlfield tag="001">991000057829705502</controlfield><controlfield tag="005">20230327204256.0</controlfield><controlfield tag="008">201011s2002    xxu||||| |||| 00| ||eng d</controlfield><datafield ind1=" " ind2=" " tag="010"><subfield code="a">2001001827</subfield></datafield><datafield ind1=" " ind2=" " tag="015"><subfield code="a">GBA2-10076</subfield></datafield><datafield ind1="7" ind2=" " tag="016"><subfield code="a">0817310975</subfield><subfield code="2">Uk</subfield></datafield><datafield ind1=" " ind2=" " tag="020"><subfield code="a">0817310967</subfield><subfield code="c">(alk. paper)</subfield></datafield><datafield ind1=" " ind2=" " tag="020"><subfield code="a">0817310975</subfield><subfield code="c">(pbk. : alk. paper)</subfield></datafield><datafield ind1="7" ind2=" " tag="024"><subfield code="a">http://catalogue.bnf.fr/ark:/12148/cb39047910x</subfield><subfield code="2">uri</subfield></datafield><datafield ind1=" " ind2=" " tag="035"><subfield code="a">(swissbib)231524587-41slsp_network</subfield></datafield><datafield ind1=" " ind2=" " tag="035"><subfield code="a">231524587</subfield><subfield code="9">ExL</subfield></datafield><datafield ind1=" " ind2=" " tag="035"><subfield code="a">(RERO)R003536959-41slsp</subfield></datafield><datafield ind1=" " ind2=" " tag="035"><subfield code="a">(NEBIS)004349764EBI01</subfield></datafield><datafield ind1=" " ind2=" " tag="035"><subfield code="a">(IDSBB)002597543DSV01</subfield></datafield><datafield ind1=" " ind2=" " tag="035"><subfield code="a">(EXLNZ-41SLSP_NETWORK)991024369779705501</subfield></datafield><datafield ind1=" " ind2=" " tag="040"><subfield code="a">RERO geulan</subfield><subfield code="d">CH-ZuSLS</subfield></datafield><datafield ind1=" " ind2=" " tag="050"><subfield code="a">PS325</subfield><subfield code="b">.T45 2002</subfield></datafield><datafield ind1=" " ind2="7" tag="072"><subfield code="a">an</subfield><subfield code="2">rero</subfield></datafield><datafield ind1=" " ind2="7" tag="072"><subfield code="a">le</subfield><subfield code="2">SzZuIDS BS/BE</subfield></datafield><datafield ind1="0" ind2="0" tag="082"><subfield code="a">811/.5409</subfield><subfield code="2">21</subfield></datafield><datafield ind1="0" ind2="4" tag="082"><subfield code="a">811 .5409</subfield><subfield code="2">21</subfield></datafield><datafield ind1=" " ind2=" " tag="084"><subfield code="a">HU 1760</subfield><subfield code="2">rvk</subfield></datafield><datafield ind1="0" ind2="0" tag="245"><subfield code="a">Telling it slant</subfield><subfield code="b">avant-garde poetics of the 1990s</subfield><subfield code="c">ed. by Mark Wallace and Steven Marks</subfield></datafield><datafield ind1=" " ind2="1" tag="264"><subfield code="a">Tuscaloosa [etc.]</subfield><subfield code="b">Univ. of Alabama Press</subfield><subfield code="c">[2002]</subfield></datafield><datafield ind1=" " ind2="4" tag="264"><subfield code="c">© 2002</subfield></datafield><datafield ind1=" " ind2=" " tag="300"><subfield code="a">446 p.</subfield><subfield code="c">23 cm</subfield></datafield><datafield ind1=" " ind2=" " tag="336"><subfield code="b">txt</subfield><subfield code="2">rdacontent</subfield></datafield><datafield ind1=" " ind2=" " tag="337"><subfield code="b">n</subfield><subfield code="2">rdamedia</subfield></datafield><datafield ind1=" " ind2=" " tag="338"><subfield code="b">nc</subfield><subfield code="2">rdacarrier</subfield></datafield><datafield ind1="1" ind2=" " tag="490"><subfield code="a">Modern and contemporary poetics</subfield></datafield><datafield ind1=" " ind2=" " tag="500"><subfield code="a">En tête de la page de titre: Avant-garde poetics of the 1990s</subfield></datafield><datafield ind1=" " ind2=" " tag="504"><subfield code="a">Includes bibliographical references and index</subfield></datafield><datafield ind1=" " ind2="7" tag="648"><subfield code="a">Geschichte 1990-2000</subfield><subfield code="2">gnd</subfield></datafield><datafield ind1=" " ind2="7" tag="650"><subfield code="a">Poésie</subfield><subfield code="0">(IDREF)027247465</subfield><subfield code="2">idref</subfield></datafield><datafield ind1=" " ind2="7" tag="650"><subfield code="a">20e siècle (fin)</subfield><subfield code="0">(RERO)A022536780</subfield><subfield code="2">rero</subfield></datafield><datafield ind1=" " ind2="7" tag="650"><subfield code="a">Poésie expérimentale américaine</subfield><subfield code="0">(IDREF)033087733</subfield><subfield code="2">idref</subfield></datafield><datafield ind1=" " ind2="7" tag="650"><subfield code="a">American poetry</subfield><subfield code="x">History and criticism</subfield><subfield code="y">20th century</subfield><subfield code="2">idszbzna</subfield></datafield><datafield ind1=" " ind2="7" tag="650"><subfield code="a">Experimental poetry, American</subfield><subfield code="x">History and criticism</subfield><subfield code="2">idszbzna</subfield></datafield><datafield ind1=" " ind2="7" tag="650"><subfield code="a">Avant-garde (Aesthetics)</subfield><subfield code="z">United States</subfield><subfield code="2">idszbzna</subfield></datafield><datafield ind1=" " ind2="7" tag="650"><subfield code="a">Poetics</subfield><subfield code="2">idszbzna</subfield></datafield><datafield ind1=" " ind2="7" tag="650"><subfield code="a">Avantgarde</subfield><subfield code="0">(DE-588)4133965-4</subfield><subfield code="2">gnd</subfield></datafield><datafield ind1=" " ind2="7" tag="650"><subfield code="a">Lyrik</subfield><subfield code="0">(DE-588)4036774-5</subfield><subfield code="2">gnd</subfield></datafield><datafield ind1=" " ind2="7" tag="650"><subfield code="a">Neue Medien</subfield><subfield code="0">(DE-588)4196910-8</subfield><subfield code="2">gnd</subfield></datafield><datafield ind1=" " ind2="7" tag="650"><subfield code="a">Poetik</subfield><subfield code="0">(DE-588)4046449-0</subfield><subfield code="2">gnd</subfield></datafield><datafield ind1=" " ind2="7" tag="650"><subfield code="a">Poetologie</subfield><subfield code="0">(DE-588)4323423-9</subfield><subfield code="2">gnd</subfield></datafield><datafield ind1=" " ind2="0" tag="650"><subfield code="a">Avant-garde (Aesthetics)</subfield></datafield><datafield ind1=" " ind2="0" tag="650"><subfield code="a">Avant-garde</subfield><subfield code="z">United States</subfield></datafield><datafield ind1=" " ind2="0" tag="650"><subfield code="a">Poetics</subfield><subfield code="x">History</subfield><subfield code="y">20th century</subfield></datafield><datafield ind1=" " ind2="0" tag="650"><subfield code="a">American poetry</subfield><subfield code="y">20th century</subfield><subfield code="x">History and criticism</subfield></datafield><datafield ind1=" " ind2="0" tag="650"><subfield code="a">Avant-garde (Aesthetics)</subfield><subfield code="z">United States</subfield></datafield><datafield ind1=" " ind2="0" tag="650"><subfield code="a">Experimental poetry, American</subfield><subfield code="x">History and criticism</subfield></datafield><datafield ind1=" " ind2="0" tag="650"><subfield code="a">Poetics</subfield></datafield><datafield ind1=" " ind2="7" tag="650"><subfield code="a">Experimentelle Literatur</subfield><subfield code="z">amerikanische</subfield><subfield code="y">Geschichte 20. Jh</subfield><subfield code="2">idsbb</subfield></datafield><datafield ind1=" " ind2="7" tag="650"><subfield code="a">Avantgarde</subfield><subfield code="x">Literatur</subfield><subfield code="z">USA</subfield><subfield code="2">idsbb</subfield></datafield><datafield ind1=" " ind2="7" tag="650"><subfield code="a">Literatur</subfield><subfield code="z">USA</subfield><subfield code="x">Avantgarde</subfield><subfield code="2">idsbb</subfield></datafield><datafield ind1=" " ind2="7" tag="650"><subfield code="a">Lyrik</subfield><subfield code="z">amerikanische</subfield><subfield code="y">Geschichte 20. Jh</subfield><subfield code="2">idsbb</subfield></datafield><datafield ind1=" " ind2="7" tag="651"><subfield code="a">USA</subfield><subfield code="0">(DE-588)4078704-7</subfield><subfield code="2">gnd</subfield></datafield><datafield ind1=" " ind2="7" tag="655"><subfield code="a">[Études diverses]</subfield><subfield code="0">(RERO)A022249905</subfield><subfield code="2">rero</subfield></datafield><datafield ind1=" " ind2="7" tag="655"><subfield code="a">Aufsatzsammlung</subfield><subfield code="2">gnd-content</subfield></datafield><datafield ind1=" " ind2="7" tag="655"><subfield code="a">Quelle</subfield><subfield code="2">gnd-content</subfield></datafield><datafield ind1="1" ind2=" " tag="700"><subfield code="a">Wallace, Mark</subfield><subfield code="0">(RERO)A003955419</subfield></datafield><datafield ind1=" " ind2=" " tag="830"><subfield code="a">Modern and contemporary poetics</subfield><subfield code="w">(RERO)R265695560-41slsp</subfield></datafield><datafield ind1=" " ind2=" " tag="900"><subfield code="a">REROnoselfmerge</subfield></datafield><datafield ind1=" " ind2=" " tag="900"><subfield code="a">IDSZ2zbzmon200210f</subfield><subfield code="c">IDSZ2suse</subfield><subfield code="d">IDSZ2nabswk200211b</subfield><subfield code="e">IDSZ2mahe</subfield></datafield><datafield ind1=" " ind2=" " tag="911"><subfield code="a">1 $aMarks, Steven,$d1953-</subfield></datafield></record>
</metadata></record>