<record><header><identifier>oai:alma.41SLSP_UGE:991000057519705502</identifier><datestamp>2023-03-29T00:20:31Z</datestamp><setSpec>uge_bcen_RapidILL_BOOK</setSpec><setSpec>uge_aaca_RapidILL_BOOK</setSpec><setSpec>uge_abels_RapidILL_BOOK</setSpec><setSpec>uge_dbu_RapidILL_BOOK</setSpec><setSpec>uge_cmu_RapidILL_BOOK</setSpec><setSpec>uge_mail_RapidILL_BOOK</setSpec><setSpec>uge_abbat_RapidILL_BOOK</setSpec><setSpec>UNIGE_ALL</setSpec><setSpec>uge_acar_RapidILL_BOOK</setSpec><setSpec>uge_aobs_RapidILL_BOOK</setSpec></header><metadata>
<record xmlns="http://www.loc.gov/MARC21/slim" xmlns:xsi="http://www.w3.org/2001/XMLSchema-instance" xsi:schemaLocation="http://www.loc.gov/MARC21/slim http://www.loc.gov/standards/marcxml/schema/MARC21slim.xsd"><leader>03628nam a2200637 c 4500</leader><controlfield tag="001">991000057519705502</controlfield><controlfield tag="005">20230328215259.0</controlfield><controlfield tag="008">201012s1999    gw ||||| |||| 10| ||eng d</controlfield><datafield ind1=" " ind2=" " tag="020"><subfield code="a">3540666532</subfield></datafield><datafield ind1=" " ind2=" " tag="035"><subfield code="a">(swissbib)239824202-41slsp_network</subfield></datafield><datafield ind1=" " ind2=" " tag="035"><subfield code="a">239824202</subfield><subfield code="9">ExL</subfield></datafield><datafield ind1=" " ind2=" " tag="035"><subfield code="a">(RERO)R260700260-41slsp</subfield></datafield><datafield ind1=" " ind2=" " tag="035"><subfield code="a">(NEBIS)003827306EBI01</subfield></datafield><datafield ind1=" " ind2=" " tag="035"><subfield code="a">(EXLNZ-41SLSP_NETWORK)991054194369705501</subfield></datafield><datafield ind1=" " ind2=" " tag="040"><subfield code="a">RERO geucui</subfield><subfield code="d">CH-ZuSLS</subfield></datafield><datafield ind1=" " ind2="7" tag="072"><subfield code="a">in</subfield><subfield code="2">rero</subfield></datafield><datafield ind1="0" ind2="0" tag="245"><subfield code="a">Advances in conceptual modeling</subfield><subfield code="b">ER'99 workshops on evolution and change in data management, reverse engineering in information systems, and the World Wide Web and conceptual modeling, Paris, France, November 15-18, 1999 : proceedings</subfield><subfield code="c">Peter P. Chen ... [et al.], (ed.)</subfield></datafield><datafield ind1="1" ind2=" " tag="246"><subfield code="a">Evolution and change in data management</subfield></datafield><datafield ind1="1" ind2=" " tag="246"><subfield code="a">Reverse engineering in information systems</subfield></datafield><datafield ind1="1" ind2=" " tag="246"><subfield code="a">World Wide Web and conceptual modeling</subfield></datafield><datafield ind1="1" ind2=" " tag="246"><subfield code="a">ECDM'99</subfield></datafield><datafield ind1="1" ind2=" " tag="246"><subfield code="a">REIS'99</subfield></datafield><datafield ind1="1" ind2=" " tag="246"><subfield code="a">WWWCM'99</subfield></datafield><datafield ind1="1" ind2=" " tag="246"><subfield code="a">ER'99</subfield></datafield><datafield ind1="1" ind2="8" tag="246"><subfield code="a">ER '99 workshops</subfield></datafield><datafield ind1=" " ind2="1" tag="264"><subfield code="a">Berlin [etc.]</subfield><subfield code="b">Springer</subfield><subfield code="c">1999</subfield></datafield><datafield ind1=" " ind2=" " tag="300"><subfield code="a">XI, 387 p.</subfield><subfield code="b">ill.</subfield><subfield code="c">24 cm</subfield></datafield><datafield ind1=" " ind2=" " tag="336"><subfield code="b">txt</subfield><subfield code="2">rdacontent</subfield></datafield><datafield ind1=" " ind2=" " tag="337"><subfield code="b">n</subfield><subfield code="2">rdamedia</subfield></datafield><datafield ind1=" " ind2=" " tag="338"><subfield code="b">nc</subfield><subfield code="2">rdacarrier</subfield></datafield><datafield ind1="1" ind2=" " tag="490"><subfield code="a">Lecture notes in computer science</subfield><subfield code="v">1727</subfield></datafield><datafield ind1=" " ind2=" " tag="500"><subfield code="a">Workshops associated with the ER'99 18th International Conference on Conceptual Modeling</subfield></datafield><datafield ind1="0" ind2="0" tag="505"><subfield code="t">First International Workshop on Evolution and Change in Data Management -</subfield><subfield code="t">International Workshop on the World Wide Web and Conceptual Modeling -</subfield><subfield code="t">International Workshop on Reverse Engineering in Information Systems</subfield></datafield><datafield ind1=" " ind2="7" tag="650"><subfield code="a">Modèles mathématiques</subfield><subfield code="0">(IDREF)027551385</subfield><subfield code="2">idref</subfield></datafield><datafield ind1=" " ind2="7" tag="650"><subfield code="a">système d'information - modélisation</subfield><subfield code="0">(RERO)A010155632</subfield><subfield code="2">rerovoc</subfield></datafield><datafield ind1=" " ind2="7" tag="650"><subfield code="a">Bases de données</subfield><subfield code="0">(IDREF)027220842</subfield><subfield code="2">idref</subfield></datafield><datafield ind1=" " ind2="7" tag="650"><subfield code="a">Bases de données relationnelles</subfield><subfield code="0">(IDREF)028631609</subfield><subfield code="2">idref</subfield></datafield><datafield ind1=" " ind2="7" tag="650"><subfield code="a">Systèmes, Conception de</subfield><subfield code="0">(IDREF)027442306</subfield><subfield code="2">idref</subfield></datafield><datafield ind1=" " ind2="7" tag="650"><subfield code="a">Modélisation des données (informatique)</subfield><subfield code="0">(IDREF)203675797</subfield><subfield code="2">idref</subfield></datafield><datafield ind1=" " ind2="7" tag="650"><subfield code="a">INFORMATIONSMANAGEMENT (MANAGEMENT VON COMPUTERSYSTEMEN)</subfield><subfield code="9">ger</subfield><subfield code="0">(ETHUDK)000044364</subfield><subfield code="2">ethudk</subfield></datafield><datafield ind1=" " ind2="7" tag="650"><subfield code="a">INTERNET + WORLD WIDE WEB (COMPUTERSYSTEME)</subfield><subfield code="9">ger</subfield><subfield code="0">(ETHUDK)000050802</subfield><subfield code="2">ethudk</subfield></datafield><datafield ind1=" " ind2="7" tag="650"><subfield code="a">REVERSE ENGINEERING (SOFTWARE ENGINEERING)</subfield><subfield code="9">ger</subfield><subfield code="0">(ETHUDK)000052954</subfield><subfield code="2">ethudk</subfield></datafield><datafield ind1=" " ind2="7" tag="650"><subfield code="a">SYSTEMANALYSE + SYSTEMENTWICKLUNG + SYSTEMENTWURF (COMPUTERSYSTEME)</subfield><subfield code="9">ger</subfield><subfield code="0">(ETHUDK)000013733</subfield><subfield code="2">ethudk</subfield></datafield><datafield ind1=" " ind2="7" tag="655"><subfield code="a">Actes de congrès</subfield><subfield code="0">(IDREF)02886431X</subfield><subfield code="2">idref</subfield></datafield><datafield ind1=" " ind2="7" tag="655"><subfield code="a">Konferenzschrift</subfield><subfield code="z">Paris</subfield><subfield code="y">1999</subfield><subfield code="2">gnd-content</subfield></datafield><datafield ind1="1" ind2=" " tag="700"><subfield code="a">Chen, Peter P</subfield><subfield code="0">(RERO)A003099863</subfield><subfield code="4">edt</subfield></datafield><datafield ind1="2" ind2=" " tag="711"><subfield code="a">International Conference on Conceptual Modeling</subfield><subfield code="0">(DE-588)1091850917</subfield></datafield><datafield ind1="2" ind2=" " tag="711"><subfield code="a">International Workshop on Evolution and Change in Data Management</subfield><subfield code="0">(DE-588)1092064907</subfield></datafield><datafield ind1="2" ind2=" " tag="711"><subfield code="a">International Workshop on the World Wide Web and Conceptual Modeling</subfield><subfield code="0">(DE-588)1091733724</subfield></datafield><datafield ind1="2" ind2=" " tag="711"><subfield code="a">International Workshop on Reverse Engineering in Information Systems</subfield><subfield code="0">(DE-588)1092064958</subfield></datafield><datafield ind1="2" ind2=" " tag="711"><subfield code="a">International Workshop on Evolution and Change in Data Management</subfield><subfield code="n">1</subfield><subfield code="d">1999</subfield><subfield code="c">Paris</subfield><subfield code="0">(RERO)A012455165</subfield></datafield><datafield ind1="2" ind2=" " tag="711"><subfield code="a">International Workshop on Reverse Engineering in Information Systems</subfield><subfield code="d">1999</subfield><subfield code="c">Paris</subfield><subfield code="0">(RERO)A012455166</subfield></datafield><datafield ind1="2" ind2=" " tag="711"><subfield code="a">International Workshop on the World Wide Web and Conceptual Modeling</subfield><subfield code="d">1999</subfield><subfield code="c">Paris</subfield><subfield code="0">(RERO)A012455167</subfield></datafield><datafield ind1="4" ind2=" " tag="856"><subfield code="3">Abstract / Autoreninformation</subfield><subfield code="u">https://toc.library.ethz.ch/objects/pdf/000022781_e01_3540666532_02.pdf</subfield><subfield code="q">pdf</subfield></datafield><datafield ind1=" " ind2=" " tag="830"><subfield code="a">Lecture notes in computer science</subfield><subfield code="n">1 (1973) - 2999 (2004)</subfield><subfield code="v">1727</subfield><subfield code="w">(NEBIS)000025969EBI01</subfield></datafield><datafield ind1=" " ind2=" " tag="830"><subfield code="a">Lecture notes in computer science</subfield><subfield code="v">1727</subfield><subfield code="w">(RERO)0078255-41slsp</subfield></datafield><datafield ind1=" " ind2=" " tag="900"><subfield code="a">REROnoselfmerge</subfield></datafield></record>
</metadata></record>