<record><header><identifier>oai:alma.41SLSP_UGE:991000058449705502</identifier><datestamp>2024-09-13T00:18:32Z</datestamp><setSpec>uge_cmu_RapidILL_JOURNAL</setSpec><setSpec>uge_aobs_RapidILL_JOURNAL</setSpec><setSpec>uge_aaca_RapidILL_JOURNAL</setSpec><setSpec>uge_abbat_RapidILL_JOURNAL</setSpec><setSpec>uge_bcen_RapidILL_JOURNAL</setSpec><setSpec>uge_mail_RapidILL_JOURNAL</setSpec><setSpec>uge_dbu_RapidILL_JOURNAL</setSpec><setSpec>uge_abels_RapidILL_JOURNAL</setSpec><setSpec>UNIGE_ALL</setSpec><setSpec>uge_acar_RapidILL_JOURNAL</setSpec></header><metadata>
<record xmlns="http://www.loc.gov/MARC21/slim" xmlns:xsi="http://www.w3.org/2001/XMLSchema-instance" xsi:schemaLocation="http://www.loc.gov/MARC21/slim http://www.loc.gov/standards/marcxml/schema/MARC21slim.xsd"><leader>01722nas a22004457c 4500</leader><controlfield tag="001">991000058449705502</controlfield><controlfield tag="005">20240912201230.0</controlfield><controlfield tag="008">201012d19571967sz || p|  ||| 0    0ger d</controlfield><datafield ind1=" " ind2=" " tag="022"><subfield code="a">0370-1956</subfield></datafield><datafield ind1=" " ind2=" " tag="035"><subfield code="a">(swissbib)236125850-41slsp_network</subfield></datafield><datafield ind1=" " ind2=" " tag="035"><subfield code="a">236125850</subfield><subfield code="9">ExL</subfield></datafield><datafield ind1=" " ind2=" " tag="035"><subfield code="a">(RERO)R223110460-41slsp</subfield></datafield><datafield ind1=" " ind2=" " tag="035"><subfield code="a">(NEBIS)007876119EBI01</subfield></datafield><datafield ind1=" " ind2=" " tag="035"><subfield code="a">(IDSBB)000013752DSV01</subfield></datafield><datafield ind1=" " ind2=" " tag="035"><subfield code="a">(EXLNZ-41SLSP_NETWORK)991052605129705501</subfield></datafield><datafield ind1=" " ind2=" " tag="040"><subfield code="a">RERO gevbpu</subfield><subfield code="d">CH-ZuSLS</subfield></datafield><datafield ind1="0" ind2=" " tag="041"><subfield code="a">ger</subfield><subfield code="a">fre</subfield><subfield code="a">eng</subfield></datafield><datafield ind1=" " ind2=" " tag="044"><subfield code="a">sz</subfield><subfield code="c">ch-bs</subfield></datafield><datafield ind1=" " ind2="7" tag="072"><subfield code="a">me</subfield><subfield code="2">rero</subfield></datafield><datafield ind1=" " ind2="7" tag="072"><subfield code="a">me</subfield><subfield code="2">SzZuIDS BS/BE</subfield></datafield><datafield ind1="1" ind2="4" tag="082"><subfield code="a">610</subfield><subfield code="2">15</subfield></datafield><datafield ind1="0" ind2=" " tag="210"><subfield code="a">Psychiatr Neurol</subfield></datafield><datafield ind1="0" ind2="0" tag="245"><subfield code="a">Psychiatria et Neurologia</subfield><subfield code="b">internationale Monatsschrift für Psychiatrie und Neurologie = Revue internationale mensuelle de psychiatrie et de neurologie = International monthly review of psychiatry and neurology</subfield></datafield><datafield ind1="1" ind2=" " tag="246"><subfield code="a">Revue internationale mensuelle de psychiatrie et de neurologie</subfield></datafield><datafield ind1="1" ind2=" " tag="246"><subfield code="a">International monthly review of psychiatry and neurology</subfield></datafield><datafield ind1=" " ind2="1" tag="264"><subfield code="a">Basel</subfield><subfield code="b">S. Karger</subfield></datafield><datafield ind1=" " ind2=" " tag="310"><subfield code="a">Unregelmässig</subfield></datafield><datafield ind1=" " ind2=" " tag="336"><subfield code="b">txt</subfield><subfield code="2">rdacontent</subfield></datafield><datafield ind1=" " ind2=" " tag="337"><subfield code="b">n</subfield><subfield code="2">rdamedia</subfield></datafield><datafield ind1=" " ind2=" " tag="338"><subfield code="b">nc</subfield><subfield code="2">rdacarrier</subfield></datafield><datafield ind1="0" ind2=" " tag="362"><subfield code="a">Bd. 133 (1957)-Bd. 154 (1967)</subfield></datafield><datafield ind1=" " ind2=" " tag="580"><subfield code="a">Fait suite à: Monatsschrift für Psychiatrie und Neurologie</subfield></datafield><datafield ind1=" " ind2=" " tag="580"><subfield code="a">Devient: Psychiatria clinica. Et: European neurology</subfield></datafield><datafield ind1=" " ind2="7" tag="650"><subfield code="a">Neurologie</subfield><subfield code="v">Zeitschrift</subfield><subfield code="2">idsbb</subfield></datafield><datafield ind1=" " ind2="7" tag="650"><subfield code="a">Psychiatrie</subfield><subfield code="v">Zeitschrift</subfield><subfield code="2">idsbb</subfield></datafield><datafield ind1=" " ind2="7" tag="655"><subfield code="a">Zeitschrift</subfield><subfield code="2">gnd-content</subfield></datafield><datafield ind1="0" ind2="0" tag="780"><subfield code="t">Monatsschrift für Psychiatrie und Neurologie</subfield><subfield code="w">(NEBIS)005180876EBI01</subfield></datafield><datafield ind1="0" ind2="0" tag="785"><subfield code="t">Psychiatria clinica</subfield><subfield code="w">(RERO)R226588160-41slsp</subfield></datafield><datafield ind1="0" ind2="0" tag="785"><subfield code="t">European neurology</subfield><subfield code="w">(RERO)0583366-41slsp</subfield></datafield><datafield ind1=" " ind2=" " tag="900"><subfield code="a">REROnoselfmerge</subfield></datafield><datafield ind1=" " ind2=" " tag="900"><subfield code="a">NEBISnoselfmerge</subfield></datafield></record>
</metadata></record>