<record><header><identifier>oai:alma.41SLSP_UGE:991000057529705502</identifier><datestamp>2023-09-27T00:41:41Z</datestamp><setSpec>uge_bcen_RapidILL_BOOK</setSpec><setSpec>uge_aaca_RapidILL_BOOK</setSpec><setSpec>uge_abels_RapidILL_BOOK</setSpec><setSpec>uge_dbu_RapidILL_BOOK</setSpec><setSpec>uge_cmu_RapidILL_BOOK</setSpec><setSpec>uge_mail_RapidILL_BOOK</setSpec><setSpec>uge_abbat_RapidILL_BOOK</setSpec><setSpec>UNIGE_ALL</setSpec><setSpec>uge_acar_RapidILL_BOOK</setSpec><setSpec>uge_aobs_RapidILL_BOOK</setSpec></header><metadata>
<record xmlns="http://www.loc.gov/MARC21/slim" xmlns:xsi="http://www.w3.org/2001/XMLSchema-instance" xsi:schemaLocation="http://www.loc.gov/MARC21/slim http://www.loc.gov/standards/marcxml/schema/MARC21slim.xsd"><leader>01834nam a2200373 c 4500</leader><controlfield tag="001">991000057529705502</controlfield><controlfield tag="005">20230206212754.0</controlfield><controlfield tag="008">111220t20102006xxk |||f |||| 001 | eng d</controlfield><datafield ind1=" " ind2=" " tag="020"><subfield code="a">9780521172875</subfield><subfield code="q">couverture souple</subfield></datafield><datafield ind1=" " ind2=" " tag="035"><subfield code="a">(swissbib)115062246-41slsp_network</subfield></datafield><datafield ind1=" " ind2=" " tag="035"><subfield code="a">115062246</subfield><subfield code="9">ExL</subfield></datafield><datafield ind1=" " ind2=" " tag="035"><subfield code="a">(RERO)R006364171-41slsp</subfield></datafield><datafield ind1=" " ind2=" " tag="035"><subfield code="a">(EXLNZ-41SLSP_NETWORK)991042223489705501</subfield></datafield><datafield ind1=" " ind2=" " tag="040"><subfield code="a">RERO geubfd</subfield><subfield code="b">fre</subfield><subfield code="e">rda</subfield><subfield code="d">CH-ZuSLS</subfield></datafield><datafield ind1=" " ind2="7" tag="072"><subfield code="a">dr</subfield><subfield code="2">rero</subfield></datafield><datafield ind1="7" ind2="4" tag="082"><subfield code="a">340</subfield><subfield code="2">23sdnb</subfield></datafield><datafield ind1="1" ind2=" " tag="100"><subfield code="a">O'Keefe, Roger</subfield><subfield code="d">1968-</subfield><subfield code="6">880-01</subfield><subfield code="4">aut</subfield><subfield code="0">(DE-588)132732459</subfield></datafield><datafield ind1="1" ind2=" " tag="880"><subfield code="6">100-01/(B</subfield><subfield code="a">O'Keefe, Roger</subfield><subfield code="0">(IDREF)117003107</subfield><subfield code="4">aut</subfield></datafield><datafield ind1="1" ind2="0" tag="245"><subfield code="a">&lt;&lt;The&gt;&gt; protection of cultural property in armed conflict</subfield><subfield code="c">Roger O'Keefe</subfield></datafield><datafield ind1=" " ind2=" " tag="250"><subfield code="a">1st paperback edition 2010</subfield></datafield><datafield ind1=" " ind2="1" tag="264"><subfield code="a">Cambridge</subfield><subfield code="b">Cambridge Univ. Press</subfield><subfield code="c">2010</subfield></datafield><datafield ind1=" " ind2="4" tag="264"><subfield code="c">© 2006</subfield></datafield><datafield ind1=" " ind2=" " tag="300"><subfield code="a">404 pages</subfield></datafield><datafield ind1=" " ind2=" " tag="336"><subfield code="b">txt</subfield><subfield code="2">rdacontent</subfield></datafield><datafield ind1=" " ind2=" " tag="337"><subfield code="b">n</subfield><subfield code="2">rdamedia</subfield></datafield><datafield ind1=" " ind2=" " tag="338"><subfield code="b">nc</subfield><subfield code="2">rdacarrier</subfield></datafield><datafield ind1="0" ind2=" " tag="490"><subfield code="a">Cambridge studies in international and comparative law</subfield></datafield><datafield ind1=" " ind2=" " tag="504"><subfield code="a">Bibliography : pages 362-391. Index : pages 393-404</subfield></datafield><datafield ind1=" " ind2=" " tag="520"><subfield code="a">Charting in detail the evolution of the international rules on the protection of historic and artistic sites and objects from destruction and plunder in war, this book analyses in depth their many often-overlapping provisions. It serves as a comprehensive and balanced guide to a subject of increasing public profile, which will be of interest to academics, students and practitioners of international law and to all those concerned with preserving the cultural heritage. - back cover</subfield></datafield><datafield ind1=" " ind2="7" tag="650"><subfield code="a">Guerre</subfield><subfield code="0">(IDREF)027267709</subfield><subfield code="2">idref</subfield></datafield><datafield ind1=" " ind2="7" tag="650"><subfield code="a">Droit international</subfield><subfield code="0">(IDREF)050627597</subfield><subfield code="2">idref</subfield></datafield><datafield ind1=" " ind2="7" tag="650"><subfield code="a">Patrimoine culturel</subfield><subfield code="0">(IDREF)027797856</subfield><subfield code="2">idref</subfield></datafield><datafield ind1=" " ind2="7" tag="650"><subfield code="a">Protection</subfield><subfield code="0">(IDREF)027790150</subfield><subfield code="2">idref</subfield></datafield><datafield ind1=" " ind2="7" tag="655"><subfield code="a">[Études diverses]</subfield><subfield code="0">(RERO)A022249905</subfield><subfield code="2">rero</subfield></datafield><datafield ind1=" " ind2=" " tag="900"><subfield code="a">REROnoselfmerge</subfield></datafield></record>
</metadata></record>