<record><header><identifier>oai:alma.41SLSP_UGE:991000058469705502</identifier><datestamp>2023-03-01T01:10:30Z</datestamp><setSpec>uge_bcen_RapidILL_BOOK</setSpec><setSpec>uge_aaca_RapidILL_BOOK</setSpec><setSpec>uge_abels_RapidILL_BOOK</setSpec><setSpec>uge_dbu_RapidILL_BOOK</setSpec><setSpec>uge_cmu_RapidILL_BOOK</setSpec><setSpec>uge_mail_RapidILL_BOOK</setSpec><setSpec>uge_abbat_RapidILL_BOOK</setSpec><setSpec>UNIGE_ALL</setSpec><setSpec>uge_acar_RapidILL_BOOK</setSpec><setSpec>uge_aobs_RapidILL_BOOK</setSpec></header><metadata>
<record xmlns="http://www.loc.gov/MARC21/slim" xmlns:xsi="http://www.w3.org/2001/XMLSchema-instance" xsi:schemaLocation="http://www.loc.gov/MARC21/slim http://www.loc.gov/standards/marcxml/schema/MARC21slim.xsd"><leader>02142nam a2200553 c 4500</leader><controlfield tag="001">991000058469705502</controlfield><controlfield tag="005">20230228174445.0</controlfield><controlfield tag="008">201011s2004    xxu||||| |||| 00| ||eng d</controlfield><datafield ind1=" " ind2=" " tag="010"><subfield code="a">2004001308</subfield></datafield><datafield ind1=" " ind2=" " tag="015"><subfield code="a">GBA449017</subfield><subfield code="2">bnb</subfield></datafield><datafield ind1=" " ind2=" " tag="020"><subfield code="a">0822333546</subfield><subfield code="c">£19.95</subfield></datafield><datafield ind1=" " ind2=" " tag="035"><subfield code="a">(swissbib)227698347-41slsp_network</subfield></datafield><datafield ind1=" " ind2=" " tag="035"><subfield code="a">227698347</subfield><subfield code="9">ExL</subfield></datafield><datafield ind1=" " ind2=" " tag="035"><subfield code="a">(RERO)R003735120-41slsp</subfield></datafield><datafield ind1=" " ind2=" " tag="035"><subfield code="a">(NEBIS)005015608EBI01</subfield></datafield><datafield ind1=" " ind2=" " tag="035"><subfield code="a">(Uk)012946397</subfield></datafield><datafield ind1=" " ind2=" " tag="035"><subfield code="a">(EXLNZ-41SLSP_NETWORK)991123446949705501</subfield></datafield><datafield ind1=" " ind2=" " tag="040"><subfield code="a">RERO geulhg</subfield><subfield code="d">CH-ZuSLS</subfield></datafield><datafield ind1=" " ind2="7" tag="072"><subfield code="a">ht</subfield><subfield code="2">rero</subfield></datafield><datafield ind1=" " ind2="7" tag="072"><subfield code="a">sp</subfield><subfield code="2">rero</subfield></datafield><datafield ind1="0" ind2="0" tag="082"><subfield code="a">983.06/5</subfield><subfield code="2">22</subfield></datafield><datafield ind1="1" ind2=" " tag="100"><subfield code="a">Stern, Steve J</subfield><subfield code="d">1951-....</subfield><subfield code="0">(IDREF)028462068</subfield><subfield code="4">cre</subfield></datafield><datafield ind1="1" ind2="0" tag="245"><subfield code="a">Remembering Pinochet's Chile</subfield><subfield code="b">on the eve on London 1998</subfield><subfield code="c">Steve J. Stern</subfield></datafield><datafield ind1=" " ind2="1" tag="264"><subfield code="a">Durham</subfield><subfield code="b">Duke University Press</subfield><subfield code="c">2004</subfield></datafield><datafield ind1=" " ind2=" " tag="300"><subfield code="a">xxxi, 247 p.</subfield><subfield code="b">2 maps, 2 ports.</subfield></datafield><datafield ind1=" " ind2=" " tag="336"><subfield code="b">txt</subfield><subfield code="2">rdacontent</subfield></datafield><datafield ind1=" " ind2=" " tag="337"><subfield code="b">n</subfield><subfield code="2">rdamedia</subfield></datafield><datafield ind1=" " ind2=" " tag="338"><subfield code="b">nc</subfield><subfield code="2">rdacarrier</subfield></datafield><datafield ind1="1" ind2=" " tag="490"><subfield code="a">Latin America otherwise : languages, empires, nations</subfield></datafield><datafield ind1="1" ind2=" " tag="490"><subfield code="a">The memory box of Pinochet's Chile / Steve J. Stern</subfield><subfield code="v">book 1</subfield></datafield><datafield ind1=" " ind2=" " tag="500"><subfield code="a">Book one of the trilogy: &quot;The memory box of Pinochet's Chile&quot;</subfield></datafield><datafield ind1=" " ind2=" " tag="504"><subfield code="a">Includes bibliographical references and index</subfield></datafield><datafield ind1="1" ind2="7" tag="600"><subfield code="a">Pinochet Ugarte, Augusto</subfield><subfield code="d">1915-2006</subfield><subfield code="0">(DE-588)118996061</subfield><subfield code="2">gnd</subfield></datafield><datafield ind1=" " ind2="7" tag="650"><subfield code="a">Mémoire</subfield><subfield code="0">(IDREF)027237680</subfield><subfield code="2">idref</subfield></datafield><datafield ind1=" " ind2="7" tag="650"><subfield code="a">Répression politique</subfield><subfield code="0">(IDREF)027242528</subfield><subfield code="2">idref</subfield></datafield><datafield ind1=" " ind2="7" tag="650"><subfield code="a">1973-1998</subfield><subfield code="2">rero</subfield></datafield><datafield ind1=" " ind2="7" tag="650"><subfield code="a">Despotisme</subfield><subfield code="0">(IDREF)027429105</subfield><subfield code="2">idref</subfield></datafield><datafield ind1=" " ind2="0" tag="650"><subfield code="a">Autobiographical memory</subfield></datafield><datafield ind1=" " ind2="0" tag="650"><subfield code="a">Memory</subfield></datafield><datafield ind1=" " ind2="7" tag="650"><subfield code="a">Geschichte</subfield><subfield code="0">(DE-588)4020517-4</subfield><subfield code="2">gnd</subfield></datafield><datafield ind1=" " ind2="7" tag="650"><subfield code="a">Diktatur</subfield><subfield code="0">(DE-588)4149920-7</subfield><subfield code="2">gnd</subfield></datafield><datafield ind1=" " ind2="7" tag="651"><subfield code="a">Chili</subfield><subfield code="0">(IDREF)027222950</subfield><subfield code="2">idref</subfield></datafield><datafield ind1=" " ind2="0" tag="651"><subfield code="a">Chile</subfield><subfield code="x">History</subfield><subfield code="y">1973-1988</subfield></datafield><datafield ind1=" " ind2="0" tag="651"><subfield code="a">Chile</subfield><subfield code="x">History</subfield><subfield code="y">Coup d'état, 1973</subfield><subfield code="x">Psychological aspects</subfield></datafield><datafield ind1=" " ind2="7" tag="651"><subfield code="a">Chile</subfield><subfield code="0">(DE-588)4009929-5</subfield><subfield code="2">gnd</subfield></datafield><datafield ind1=" " ind2="7" tag="655"><subfield code="a">[document]</subfield><subfield code="2">rerovoc</subfield><subfield code="0">(RERO)A010182398</subfield></datafield><datafield ind1="1" ind2=" " tag="800"><subfield code="a">Stern, Steve J.</subfield><subfield code="t">&lt;&lt;The&gt;&gt; memory box of Pinochet's Chile</subfield><subfield code="v">1</subfield><subfield code="w">(RERO)R007129272-41slsp</subfield></datafield><datafield ind1=" " ind2="0" tag="830"><subfield code="a">Latin America otherwise</subfield><subfield code="w">(RERO)R253246560-41slsp</subfield></datafield><datafield ind1=" " ind2=" " tag="900"><subfield code="a">REROnoselfmerge</subfield></datafield><datafield ind1=" " ind2=" " tag="900"><subfield code="a">IDSZ2zbzmon200511f</subfield><subfield code="c">IDSZ2bece</subfield><subfield code="d">IDSZ2zbzswk200604k</subfield><subfield code="e">IDSZ2brue</subfield></datafield></record>
</metadata></record>