<record><header><identifier>oai:alma.41SLSP_UGE:991000058149705502</identifier><datestamp>2023-03-03T01:08:13Z</datestamp><setSpec>uge_bcen_RapidILL_BOOK</setSpec><setSpec>uge_aaca_RapidILL_BOOK</setSpec><setSpec>uge_abels_RapidILL_BOOK</setSpec><setSpec>uge_dbu_RapidILL_BOOK</setSpec><setSpec>uge_cmu_RapidILL_BOOK</setSpec><setSpec>uge_mail_RapidILL_BOOK</setSpec><setSpec>uge_abbat_RapidILL_BOOK</setSpec><setSpec>UNIGE_ALL</setSpec><setSpec>uge_acar_RapidILL_BOOK</setSpec><setSpec>uge_aobs_RapidILL_BOOK</setSpec></header><metadata>
<record xmlns="http://www.loc.gov/MARC21/slim" xmlns:xsi="http://www.w3.org/2001/XMLSchema-instance" xsi:schemaLocation="http://www.loc.gov/MARC21/slim http://www.loc.gov/standards/marcxml/schema/MARC21slim.xsd"><leader>01533nam a2200433 c 4500</leader><controlfield tag="001">991000058149705502</controlfield><controlfield tag="005">20230302192122.0</controlfield><controlfield tag="008">201012s2007    xxk||||| |||| 00| ||eng d</controlfield><datafield ind1=" " ind2=" " tag="015"><subfield code="a">GBA696470</subfield><subfield code="2">bnb</subfield></datafield><datafield ind1=" " ind2=" " tag="020"><subfield code="a">0826490174</subfield><subfield code="q">hbk.</subfield><subfield code="c">£75.00</subfield></datafield><datafield ind1=" " ind2=" " tag="020"><subfield code="a">0826490182</subfield><subfield code="q">pbk.</subfield><subfield code="c">£19.99</subfield></datafield><datafield ind1=" " ind2=" " tag="020"><subfield code="a">9780826490179</subfield><subfield code="q">hbk.</subfield><subfield code="c">£75.00</subfield></datafield><datafield ind1=" " ind2=" " tag="020"><subfield code="a">9780826490186</subfield><subfield code="q">pbk.</subfield><subfield code="c">£19.99</subfield></datafield><datafield ind1=" " ind2=" " tag="035"><subfield code="a">(swissbib)23502239X-41slsp_network</subfield></datafield><datafield ind1=" " ind2=" " tag="035"><subfield code="a">23502239X</subfield><subfield code="9">ExL</subfield></datafield><datafield ind1=" " ind2=" " tag="035"><subfield code="a">(RERO)R004930055-41slsp</subfield></datafield><datafield ind1=" " ind2=" " tag="035"><subfield code="a">(NEBIS)005409468EBI01</subfield></datafield><datafield ind1=" " ind2=" " tag="035"><subfield code="a">(EXLNZ-41SLSP_NETWORK)991098669779705501</subfield></datafield><datafield ind1=" " ind2=" " tag="040"><subfield code="a">StDuBDS</subfield><subfield code="d">CH-ZuSLS</subfield></datafield><datafield ind1="1" ind2=" " tag="080"><subfield code="a">802.0:3(035)</subfield></datafield><datafield ind1="0" ind2="4" tag="082"><subfield code="a">423.028</subfield><subfield code="2">22</subfield></datafield><datafield ind1="1" ind2=" " tag="100"><subfield code="a">Jackson, Howard</subfield><subfield code="d">1945-....</subfield><subfield code="0">(IDREF)030709725</subfield><subfield code="4">cre</subfield></datafield><datafield ind1="1" ind2="0" tag="245"><subfield code="a">Words, meaning and vocabulary</subfield><subfield code="b">an introduction to modern English lexicology</subfield><subfield code="c">Howard Jackson, Etienne Zé Amvela</subfield></datafield><datafield ind1=" " ind2=" " tag="250"><subfield code="a">2nd ed.</subfield></datafield><datafield ind1=" " ind2="1" tag="264"><subfield code="a">London</subfield><subfield code="b">Continuum</subfield><subfield code="c">2007</subfield></datafield><datafield ind1=" " ind2=" " tag="300"><subfield code="a">248 p.</subfield></datafield><datafield ind1=" " ind2=" " tag="336"><subfield code="b">txt</subfield><subfield code="2">rdacontent</subfield></datafield><datafield ind1=" " ind2=" " tag="337"><subfield code="b">n</subfield><subfield code="2">rdamedia</subfield></datafield><datafield ind1=" " ind2=" " tag="338"><subfield code="b">nc</subfield><subfield code="2">rdacarrier</subfield></datafield><datafield ind1=" " ind2=" " tag="500"><subfield code="a">First publ. 2000</subfield></datafield><datafield ind1=" " ind2=" " tag="504"><subfield code="a">Includes bibliographical references and index</subfield></datafield><datafield ind1=" " ind2="7" tag="650"><subfield code="a">Anglais (langue)</subfield><subfield code="0">(IDREF)027219232</subfield><subfield code="2">idref</subfield></datafield><datafield ind1=" " ind2="7" tag="650"><subfield code="a">Lexicologie</subfield><subfield code="0">(IDREF)027276775</subfield><subfield code="2">idref</subfield></datafield><datafield ind1=" " ind2="0" tag="650"><subfield code="a">English language</subfield><subfield code="x">Lexicology</subfield></datafield><datafield ind1=" " ind2="7" tag="650"><subfield code="a">Lexicology</subfield><subfield code="v">Introduction</subfield><subfield code="2">idszbzes</subfield></datafield><datafield ind1="1" ind2=" " tag="700"><subfield code="a">Zé Amvela, Etienne</subfield><subfield code="d">1948-....</subfield><subfield code="0">(IDREF)060318759</subfield></datafield><datafield ind1=" " ind2=" " tag="900"><subfield code="a">REROnoselfmerge</subfield></datafield><datafield ind1=" " ind2=" " tag="900"><subfield code="a">IDSZ2esmon200709f</subfield><subfield code="c">IDSZ2kama</subfield><subfield code="d">IDSZ2esswk200709b</subfield><subfield code="c">IDSZ2kama</subfield></datafield><datafield ind1=" " ind2=" " tag="911"><subfield code="a">100</subfield><subfield code="a">Jackson, Howard</subfield><subfield code="d">1945-</subfield></datafield><datafield ind1=" " ind2=" " tag="911"><subfield code="a">700</subfield><subfield code="a">Zé Amvela, Etienne</subfield><subfield code="d">1948-</subfield></datafield></record>
</metadata></record>