<record><header><identifier>oai:alma.41SLSP_UGE:991000057629705502</identifier><datestamp>2023-06-27T00:15:02Z</datestamp><setSpec>uge_bcen_RapidILL_BOOK</setSpec><setSpec>uge_aaca_RapidILL_BOOK</setSpec><setSpec>uge_abels_RapidILL_BOOK</setSpec><setSpec>uge_dbu_RapidILL_BOOK</setSpec><setSpec>uge_cmu_RapidILL_BOOK</setSpec><setSpec>uge_mail_RapidILL_BOOK</setSpec><setSpec>uge_abbat_RapidILL_BOOK</setSpec><setSpec>UNIGE_ALL</setSpec><setSpec>uge_acar_RapidILL_BOOK</setSpec><setSpec>uge_aobs_RapidILL_BOOK</setSpec></header><metadata>
<record xmlns="http://www.loc.gov/MARC21/slim" xmlns:xsi="http://www.w3.org/2001/XMLSchema-instance" xsi:schemaLocation="http://www.loc.gov/MARC21/slim http://www.loc.gov/standards/marcxml/schema/MARC21slim.xsd"><leader>01480nam a2200277 c 4500</leader><controlfield tag="001">991000057629705502</controlfield><controlfield tag="005">20230625135851.0</controlfield><controlfield tag="008">020405s2000    le ||||| |||| 00| ||ara d</controlfield><datafield ind1=" " ind2=" " tag="020"><subfield code="a">272142226X</subfield></datafield><datafield ind1=" " ind2=" " tag="035"><subfield code="a">(swissbib)097694851-41slsp_network</subfield></datafield><datafield ind1=" " ind2=" " tag="035"><subfield code="a">097694851</subfield><subfield code="9">ExL</subfield></datafield><datafield ind1=" " ind2=" " tag="035"><subfield code="a">(RERO)R003173099-41slsp</subfield></datafield><datafield ind1=" " ind2=" " tag="035"><subfield code="a">(EXLNZ-41SLSP_NETWORK)991115689189705501</subfield></datafield><datafield ind1=" " ind2=" " tag="040"><subfield code="a">RERO geueti</subfield><subfield code="d">CH-ZuSLS</subfield></datafield><datafield ind1=" " ind2="7" tag="072"><subfield code="a">sm</subfield><subfield code="2">rero</subfield></datafield><datafield ind1="0" ind2="0" tag="245"><subfield code="6">880-01</subfield><subfield code="a">&lt;&lt;al-&gt;&gt;Munjid</subfield><subfield code="b">fī al-lughah al-ʿarabīyah al-muʿāṣirah</subfield><subfield code="c">Ṣubḥī Ḥamwī</subfield></datafield><datafield ind1="0" ind2="0" tag="880"><subfield code="6">245-01/(3/r</subfield><subfield code="a">&lt;&lt;ال&gt;&gt;منجد</subfield><subfield code="b">في اللغة العربية المعاصرة</subfield><subfield code="c">صبحي حموي</subfield></datafield><datafield ind1="1" ind2=" " tag="246"><subfield code="a">Mungǐd</subfield><subfield code="b">fi al-luḡa al-ʿarabīya al-muʿaṣira / Ṣubḥī Ḥamwī</subfield></datafield><datafield ind1=" " ind2="1" tag="264"><subfield code="6">880-02</subfield><subfield code="a">Bayrūt</subfield><subfield code="b">Dār al-mašriq</subfield><subfield code="c">2000</subfield></datafield><datafield ind1=" " ind2="1" tag="880"><subfield code="6">264-02/(3/r</subfield><subfield code="a">بيروت</subfield><subfield code="b">دار المشرق</subfield><subfield code="c">2000</subfield></datafield><datafield ind1=" " ind2=" " tag="300"><subfield code="a">1641 p.</subfield><subfield code="b">ill.</subfield><subfield code="c">25 cm</subfield></datafield><datafield ind1=" " ind2=" " tag="336"><subfield code="b">txt</subfield><subfield code="2">rdacontent</subfield></datafield><datafield ind1=" " ind2=" " tag="337"><subfield code="b">n</subfield><subfield code="2">rdamedia</subfield></datafield><datafield ind1=" " ind2=" " tag="338"><subfield code="b">nc</subfield><subfield code="2">rdacarrier</subfield></datafield><datafield ind1=" " ind2="7" tag="650"><subfield code="a">Arabe (langue)</subfield><subfield code="0">(IDREF)027219623</subfield><subfield code="2">idref</subfield></datafield><datafield ind1=" " ind2="7" tag="655"><subfield code="a">Dictionnaires</subfield><subfield code="2">idref</subfield><subfield code="0">(IDREF)027232050</subfield></datafield><datafield ind1="1" ind2=" " tag="700"><subfield code="a">Ḥamawī, Ṣubḥī</subfield><subfield code="0">(IDREF)24415046X</subfield></datafield></record>
</metadata></record><record><header status="deleted"><identifier>oai:alma.41SLSP_UGE:991000057839705502</identifier><datestamp>2023-08-24T00:28:10Z</datestamp><setSpec>uge_bcen_RapidILL_BOOK</setSpec><setSpec>uge_aaca_RapidILL_BOOK</setSpec><setSpec>uge_abels_RapidILL_BOOK</setSpec><setSpec>uge_dbu_RapidILL_BOOK</setSpec><setSpec>uge_cmu_RapidILL_BOOK</setSpec><setSpec>uge_mail_RapidILL_BOOK</setSpec><setSpec>uge_abbat_RapidILL_BOOK</setSpec><setSpec>UNIGE_ALL</setSpec><setSpec>uge_aobs_RapidILL_BOOK</setSpec><setSpec>uge_acar_RapidILL_BOOK</setSpec></header></record>