<record><header><identifier>oai:alma.41SLSP_UGE:991000098869705502</identifier><datestamp>2023-03-28T00:13:07Z</datestamp><setSpec>uge_bcen_RapidILL_BOOK</setSpec><setSpec>uge_aaca_RapidILL_BOOK</setSpec><setSpec>uge_abels_RapidILL_BOOK</setSpec><setSpec>uge_dbu_RapidILL_BOOK</setSpec><setSpec>uge_cmu_RapidILL_BOOK</setSpec><setSpec>uge_mail_RapidILL_BOOK</setSpec><setSpec>uge_abbat_RapidILL_BOOK</setSpec><setSpec>UNIGE_ALL</setSpec><setSpec>uge_acar_RapidILL_BOOK</setSpec><setSpec>uge_aobs_RapidILL_BOOK</setSpec></header><metadata>
<record xmlns="http://www.loc.gov/MARC21/slim" xmlns:xsi="http://www.w3.org/2001/XMLSchema-instance" xsi:schemaLocation="http://www.loc.gov/MARC21/slim http://www.loc.gov/standards/marcxml/schema/MARC21slim.xsd"><leader>01227nam a2200301 c 4500</leader><controlfield tag="001">991000098869705502</controlfield><controlfield tag="005">20230327181353.0</controlfield><controlfield tag="008">901113s1986    ne ||||| |||| 10| ||eng d</controlfield><datafield ind1=" " ind2=" " tag="020"><subfield code="a">9027724210</subfield></datafield><datafield ind1=" " ind2=" " tag="035"><subfield code="a">(swissbib)085105767-41slsp_network</subfield></datafield><datafield ind1=" " ind2=" " tag="035"><subfield code="a">085105767</subfield><subfield code="9">ExL</subfield></datafield><datafield ind1=" " ind2=" " tag="035"><subfield code="a">(RERO)1308623-41slsp</subfield></datafield><datafield ind1=" " ind2=" " tag="035"><subfield code="a">(EXLNZ-41SLSP_NETWORK)991047142089705501</subfield></datafield><datafield ind1=" " ind2=" " tag="040"><subfield code="a">RERO geusob</subfield><subfield code="d">CH-ZuSLS</subfield></datafield><datafield ind1=" " ind2="7" tag="072"><subfield code="a">as</subfield><subfield code="2">rero</subfield></datafield><datafield ind1="0" ind2="0" tag="245"><subfield code="a">&lt;&lt;The&gt;&gt; role of dust in dense regions of interstellar matter</subfield><subfield code="b">proceedings of the Jena Workshop, held in Georgenthal, March 10-14, 1986</subfield><subfield code="c">ed. by Thomas Henning and Bringfried Stecklum</subfield></datafield><datafield ind1=" " ind2="1" tag="264"><subfield code="a">Dordrecht</subfield><subfield code="a">Boston [etc.]</subfield><subfield code="b">D. Reidel</subfield><subfield code="c">[1986]</subfield></datafield><datafield ind1=" " ind2="4" tag="264"><subfield code="c">© 1986</subfield></datafield><datafield ind1=" " ind2=" " tag="300"><subfield code="a">X, 264 p.</subfield><subfield code="b">ill.</subfield><subfield code="c">25 cm</subfield></datafield><datafield ind1=" " ind2=" " tag="336"><subfield code="b">txt</subfield><subfield code="2">rdacontent</subfield></datafield><datafield ind1=" " ind2=" " tag="337"><subfield code="b">n</subfield><subfield code="2">rdamedia</subfield></datafield><datafield ind1=" " ind2=" " tag="338"><subfield code="b">nc</subfield><subfield code="2">rdacarrier</subfield></datafield><datafield ind1="1" ind2=" " tag="490"><subfield code="a">Astrophysics and space science</subfield><subfield code="v">Vol. 128(1986), no. 1</subfield></datafield><datafield ind1=" " ind2="7" tag="650"><subfield code="a">Matière interstellaire</subfield><subfield code="0">(IDREF)027818055</subfield><subfield code="2">idref</subfield></datafield><datafield ind1=" " ind2="7" tag="655"><subfield code="a">Actes de congrès</subfield><subfield code="0">(IDREF)02886431X</subfield><subfield code="2">idref</subfield></datafield><datafield ind1="1" ind2=" " tag="700"><subfield code="a">Henning, Thomas</subfield><subfield code="c">astrophysicien</subfield><subfield code="d">1956-....</subfield><subfield code="0">(IDREF)079320023</subfield></datafield><datafield ind1="2" ind2=" " tag="711"><subfield code="a">Jena Workshop</subfield><subfield code="d">1986</subfield><subfield code="c">Georgenthal</subfield><subfield code="0">(RERO)A012356860</subfield></datafield><datafield ind1=" " ind2="0" tag="830"><subfield code="a">Astrophysics and space science : international journal of cosmic physics</subfield><subfield code="v">128/1</subfield></datafield><datafield ind1=" " ind2=" " tag="900"><subfield code="a">REROnoselfmerge</subfield></datafield><datafield ind1=" " ind2=" " tag="961"><subfield code="2">ge-obs</subfield><subfield code="a">24.22</subfield><subfield code="9">LOCAL</subfield></datafield></record>
</metadata></record>