<record><header><identifier>oai:alma.41SLSP_UGE:991000099599705502</identifier><datestamp>2024-07-17T04:29:26Z</datestamp><setSpec>uge_bcen_RapidILL_BOOK</setSpec><setSpec>uge_aaca_RapidILL_BOOK</setSpec><setSpec>uge_abels_RapidILL_BOOK</setSpec><setSpec>uge_dbu_RapidILL_BOOK</setSpec><setSpec>uge_cmu_RapidILL_BOOK</setSpec><setSpec>uge_mail_RapidILL_BOOK</setSpec><setSpec>uge_abbat_RapidILL_BOOK</setSpec><setSpec>UNIGE_ALL</setSpec><setSpec>uge_aobs_RapidILL_BOOK</setSpec><setSpec>uge_acar_RapidILL_BOOK</setSpec></header><metadata>
<record xmlns="http://www.loc.gov/MARC21/slim" xmlns:xsi="http://www.w3.org/2001/XMLSchema-instance" xsi:schemaLocation="http://www.loc.gov/MARC21/slim http://www.loc.gov/standards/marcxml/schema/MARC21slim.xsd"><leader>02334nam a2200565 c 4500</leader><controlfield tag="001">991000099599705502</controlfield><controlfield tag="005">20240603095254.0</controlfield><controlfield tag="008">201011m19972004xxu||||| |||| 00| ||eng d</controlfield><datafield ind1=" " ind2=" " tag="010"><subfield code="a">97069053</subfield><subfield code="z">00133388</subfield></datafield><datafield ind1=" " ind2=" " tag="019"><subfield code="a">3 Bände geplant</subfield></datafield><datafield ind1=" " ind2=" " tag="020"><subfield code="a">0872901556</subfield><subfield code="q">vol. 3</subfield></datafield><datafield ind1=" " ind2=" " tag="020"><subfield code="a">0872901394</subfield><subfield code="q">vol. 1</subfield></datafield><datafield ind1=" " ind2=" " tag="020"><subfield code="a">0872901505</subfield><subfield code="q">vol. 2</subfield></datafield><datafield ind1=" " ind2=" " tag="035"><subfield code="a">(swissbib)228223032-41slsp_network</subfield></datafield><datafield ind1=" " ind2=" " tag="035"><subfield code="a">228223032</subfield><subfield code="9">ExL</subfield></datafield><datafield ind1=" " ind2=" " tag="035"><subfield code="a">(RERO)R230395360-41slsp</subfield></datafield><datafield ind1=" " ind2=" " tag="035"><subfield code="a">(NEBIS)004499368EBI01</subfield></datafield><datafield ind1=" " ind2=" " tag="035"><subfield code="a">(EXLNZ-41SLSP_NETWORK)991081550999705501</subfield></datafield><datafield ind1=" " ind2=" " tag="040"><subfield code="a">RERO labcud</subfield><subfield code="d">CH-ZuSLS</subfield></datafield><datafield ind1=" " ind2=" " tag="050"><subfield code="a">NK5107.3</subfield><subfield code="b">.W48 1997</subfield></datafield><datafield ind1=" " ind2="7" tag="072"><subfield code="a">ar</subfield><subfield code="2">rero</subfield></datafield><datafield ind1="1" ind2=" " tag="080"><subfield code="a">904:748(085)</subfield></datafield><datafield ind1="0" ind2="0" tag="245"><subfield code="a">Roman glass in the Corning Museum of glass</subfield><subfield code="c">David Whitehouse</subfield></datafield><datafield ind1=" " ind2="1" tag="264"><subfield code="a">Corning (NY)</subfield><subfield code="b">Corning Museum of Glass</subfield><subfield code="c">[1997-2004]</subfield></datafield><datafield ind1=" " ind2="4" tag="264"><subfield code="c">© 1997-2004</subfield></datafield><datafield ind1=" " ind2=" " tag="300"><subfield code="a">3 vol.</subfield><subfield code="b">ill.</subfield><subfield code="c">31 cm</subfield></datafield><datafield ind1=" " ind2=" " tag="336"><subfield code="b">txt</subfield><subfield code="2">rdacontent</subfield></datafield><datafield ind1=" " ind2=" " tag="337"><subfield code="b">n</subfield><subfield code="2">rdamedia</subfield></datafield><datafield ind1=" " ind2=" " tag="338"><subfield code="b">nc</subfield><subfield code="2">rdacarrier</subfield></datafield><datafield ind1="1" ind2=" " tag="490"><subfield code="a">The Corning Museum of Glass catalog series</subfield><subfield code="v">3</subfield></datafield><datafield ind1=" " ind2=" " tag="504"><subfield code="a">Includes bibliographical references and indexes</subfield></datafield><datafield ind1="2" ind2="7" tag="610"><subfield code="a">Corning Museum of Glass</subfield><subfield code="g">Corning, N.Y.</subfield><subfield code="0">(IDREF)030174295</subfield><subfield code="2">idref</subfield></datafield><datafield ind1="2" ind2="0" tag="610"><subfield code="a">Corning Museum of Glass</subfield><subfield code="v">Catalogs</subfield></datafield><datafield ind1="2" ind2="7" tag="610"><subfield code="a">Corning Glass Center</subfield><subfield code="0">(DE-588)10032391-1</subfield><subfield code="2">gnd</subfield></datafield><datafield ind1=" " ind2="7" tag="650"><subfield code="a">verre romain antique</subfield><subfield code="0">(RERO)A010036196</subfield><subfield code="2">rerovoc</subfield></datafield><datafield ind1=" " ind2="0" tag="650"><subfield code="a">Glassware</subfield><subfield code="z">Rome</subfield><subfield code="x">History</subfield></datafield><datafield ind1=" " ind2="0" tag="650"><subfield code="a">Glassware</subfield><subfield code="z">Rome</subfield><subfield code="v">Catalogs</subfield></datafield><datafield ind1=" " ind2="0" tag="650"><subfield code="a">Glassware</subfield><subfield code="z">New York (State)</subfield><subfield code="z">Corning</subfield><subfield code="v">Catalogs</subfield></datafield><datafield ind1=" " ind2="7" tag="650"><subfield code="a">GESCHICHTE DER GLASFABRIKATION UND DES GLASES</subfield><subfield code="9">ger</subfield><subfield code="0">(ETHUDK)000041666</subfield><subfield code="2">ethudk</subfield></datafield><datafield ind1=" " ind2="7" tag="650"><subfield code="a">GLAS, GLASGEGENSTÄNDE (GLASTECHNOLOGIE)</subfield><subfield code="9">ger</subfield><subfield code="0">(ETHUDK)000033592</subfield><subfield code="2">ethudk</subfield></datafield><datafield ind1=" " ind2="7" tag="650"><subfield code="a">GLASFUNDE (ARCHAEOLOGIE, HISTOR.)</subfield><subfield code="9">ger</subfield><subfield code="0">(ETHUDK)000056289</subfield><subfield code="2">ethudk</subfield></datafield><datafield ind1=" " ind2="7" tag="650"><subfield code="a">MUSEUMSKATALOGE</subfield><subfield code="9">ger</subfield><subfield code="0">(ETHUDK)000009327</subfield><subfield code="2">ethudk</subfield></datafield><datafield ind1=" " ind2="7" tag="650"><subfield code="a">RÖMISCHE PROVINZIALARCHÄOLOGIE</subfield><subfield code="9">ger</subfield><subfield code="0">(ETHUDK)000037889</subfield><subfield code="2">ethudk</subfield></datafield><datafield ind1=" " ind2="7" tag="655"><subfield code="a">Catalogues</subfield><subfield code="0">(IDREF)027793222</subfield><subfield code="2">idref</subfield></datafield><datafield ind1="1" ind2=" " tag="700"><subfield code="a">Whitehouse, David</subfield><subfield code="d">1941-2013</subfield><subfield code="6">880-02</subfield><subfield code="0">(DE-588)142738980</subfield></datafield><datafield ind1="1" ind2=" " tag="880"><subfield code="6">700-02</subfield><subfield code="a">Whitehouse, David</subfield><subfield code="d">1941-2013</subfield><subfield code="0">(RERO)A025125423</subfield></datafield><datafield ind1="2" ind2=" " tag="710"><subfield code="a">Corning Glass Center</subfield><subfield code="0">(DE-588)10032391-1</subfield></datafield><datafield ind1="2" ind2=" " tag="710"><subfield code="a">Corning Museum of Glass (Corning, N.Y.)</subfield><subfield code="0">(RERO)A000184507</subfield></datafield><datafield ind1=" " ind2=" " tag="830"><subfield code="a">&lt;&lt;The&gt;&gt; Corning Museum of Glass</subfield><subfield code="v">3</subfield><subfield code="w">(RERO)0396926-41slsp</subfield></datafield><datafield ind1=" " ind2=" " tag="900"><subfield code="a">REROnoselfmerge</subfield></datafield><datafield ind1=" " ind2=" " tag="900"><subfield code="f">IDSU2medea</subfield><subfield code="a">IDSU2remark KS</subfield></datafield></record>
</metadata></record><record><header status="deleted"><identifier>oai:alma.41SLSP_UGE:991000099399705502</identifier><datestamp>2023-05-16T00:14:35Z</datestamp><setSpec>uge_bcen_RapidILL_BOOK</setSpec><setSpec>uge_aaca_RapidILL_BOOK</setSpec><setSpec>uge_abels_RapidILL_BOOK</setSpec><setSpec>uge_dbu_RapidILL_BOOK</setSpec><setSpec>uge_cmu_RapidILL_BOOK</setSpec><setSpec>uge_mail_RapidILL_BOOK</setSpec><setSpec>uge_abbat_RapidILL_BOOK</setSpec><setSpec>UNIGE_ALL</setSpec><setSpec>uge_aobs_RapidILL_BOOK</setSpec><setSpec>uge_acar_RapidILL_BOOK</setSpec></header></record>