<record><header><identifier>oai:alma.41SLSP_UGE:991000099609705502</identifier><datestamp>2023-04-13T00:10:50Z</datestamp><setSpec>uge_bcen_RapidILL_BOOK</setSpec><setSpec>uge_aaca_RapidILL_BOOK</setSpec><setSpec>uge_abels_RapidILL_BOOK</setSpec><setSpec>uge_dbu_RapidILL_BOOK</setSpec><setSpec>uge_cmu_RapidILL_BOOK</setSpec><setSpec>uge_mail_RapidILL_BOOK</setSpec><setSpec>uge_abbat_RapidILL_BOOK</setSpec><setSpec>UNIGE_ALL</setSpec><setSpec>uge_aobs_RapidILL_BOOK</setSpec><setSpec>uge_acar_RapidILL_BOOK</setSpec></header><metadata>
<record xmlns="http://www.loc.gov/MARC21/slim" xmlns:xsi="http://www.w3.org/2001/XMLSchema-instance" xsi:schemaLocation="http://www.loc.gov/MARC21/slim http://www.loc.gov/standards/marcxml/schema/MARC21slim.xsd"><leader>03739nam a2200637 c 4500</leader><controlfield tag="001">991000099609705502</controlfield><controlfield tag="005">20230412204421.0</controlfield><controlfield tag="008">201011s2005    gw ||||| |||| 00| ||ger d</controlfield><datafield ind1=" " ind2=" " tag="015"><subfield code="a">GFR-DNB-04,N25,1554</subfield></datafield><datafield ind1="7" ind2=" " tag="016"><subfield code="a">971291675</subfield><subfield code="2">GyFmDB</subfield></datafield><datafield ind1=" " ind2=" " tag="020"><subfield code="a">9783525475010</subfield><subfield code="c">€ 34.95</subfield></datafield><datafield ind1=" " ind2=" " tag="020"><subfield code="a">3525475012</subfield><subfield code="c">Gb. : ca. EUR 34.90, ca. EUR AT 35.90, ca. CHF 61.00</subfield></datafield><datafield ind1=" " ind2=" " tag="035"><subfield code="a">(swissbib)219518149-41slsp_network</subfield></datafield><datafield ind1=" " ind2=" " tag="035"><subfield code="a">219518149</subfield><subfield code="9">ExL</subfield></datafield><datafield ind1=" " ind2=" " tag="035"><subfield code="a">(RERO)R004419985-41slsp</subfield></datafield><datafield ind1=" " ind2=" " tag="035"><subfield code="a">(IDSBB)003660927DSV01</subfield></datafield><datafield ind1=" " ind2=" " tag="035"><subfield code="a">(NEBIS)004993637EBI01</subfield></datafield><datafield ind1=" " ind2=" " tag="035"><subfield code="a">(DDB)971291675</subfield></datafield><datafield ind1=" " ind2=" " tag="035"><subfield code="a">(EXLNZ-41SLSP_NETWORK)991069540589705501</subfield></datafield><datafield ind1=" " ind2=" " tag="040"><subfield code="a">RERO neubfl</subfield><subfield code="d">CH-ZuSLS</subfield></datafield><datafield ind1=" " ind2=" " tag="044"><subfield code="a">gw</subfield></datafield><datafield ind1=" " ind2="7" tag="072"><subfield code="a">ba</subfield><subfield code="2">rero</subfield></datafield><datafield ind1=" " ind2="7" tag="072"><subfield code="a">kh</subfield><subfield code="2">SzZuIDS BS/BE</subfield></datafield><datafield ind1=" " ind2=" " tag="084"><subfield code="a">9,10</subfield><subfield code="2">ssgn</subfield></datafield><datafield ind1=" " ind2=" " tag="084"><subfield code="a">GK 3359</subfield><subfield code="2">rvk</subfield></datafield><datafield ind1=" " ind2=" " tag="084"><subfield code="a">LH 61040</subfield><subfield code="2">rvk</subfield></datafield><datafield ind1=" " ind2=" " tag="084"><subfield code="a">LH 63699 F366</subfield><subfield code="2">rvk</subfield></datafield><datafield ind1=" " ind2=" " tag="084"><subfield code="a">LH 63699</subfield><subfield code="2">rvk</subfield></datafield><datafield ind1="0" ind2="0" tag="245"><subfield code="a">Kunst als Wissenschaft</subfield><subfield code="b">Carl Ludwig Fernow : ein Begründer der Kunstgeschichte</subfield><subfield code="c">Reinhard Wegner (Hg.)</subfield></datafield><datafield ind1=" " ind2="1" tag="264"><subfield code="a">Göttingen</subfield><subfield code="b">Vandenhoeck &amp; Ruprecht</subfield><subfield code="c">2005</subfield></datafield><datafield ind1=" " ind2=" " tag="300"><subfield code="a">253 p.</subfield><subfield code="b">ill. en noir</subfield><subfield code="c">24 cm</subfield></datafield><datafield ind1=" " ind2=" " tag="336"><subfield code="b">txt</subfield><subfield code="2">rdacontent</subfield></datafield><datafield ind1=" " ind2=" " tag="337"><subfield code="b">n</subfield><subfield code="2">rdamedia</subfield></datafield><datafield ind1=" " ind2=" " tag="338"><subfield code="b">nc</subfield><subfield code="2">rdacarrier</subfield></datafield><datafield ind1="1" ind2=" " tag="490"><subfield code="a">Ästhetik um 1800</subfield><subfield code="v">2</subfield></datafield><datafield ind1=" " ind2=" " tag="500"><subfield code="a">Literaturverz. S. 222 - 248</subfield></datafield><datafield ind1=" " ind2=" " tag="504"><subfield code="a">Bibliogr. S. 222-248</subfield></datafield><datafield ind1="0" ind2=" " tag="505"><subfield code="a">Harald Tausch : Von Jena nach Rom : Beobachtungen zur Genese von Fernows Wissenschafts- und Kunstverständnis im Beziehungsgeflecht zwischen Karl Leonhard Reinhold, Johann Gottlieb Fichte und Johann Benjamin Erhard. - Reinhard Wegner : Fernow in Jena : ein Experiment zum Systemwandel ästhetischer und naturwissenschaftlicher Modelle. - Johannes Grave : Weimarer Versatzstücke in Fernows &quot;Römischen Studien&quot; : zu Fernows Orientierungsversuchen im Geflecht von Hirt, Goethe, Schiller und &quot;Schellingianern&quot;. - Markus Bertsch : Fernow und Reinhart : Strategien der Naturaneignung um 1800. - Katrin Hellwig : Carl Ludwig Fernows Bedeutung für die Künstlerbiographie der ersten Hälfte des 19. Jahrhunderts. - Martin Dönike : &quot;Ein treues Karakterbild&quot;? Carl Ludwig Fernows &quot;Leben des Künstlers Asmus Jakob Carstens&quot; zwischen Künstlervita und Künstlerroman. - Klaus Manger : Fernows literarische Formen. - Heinrich Dilly : Was bloss hat Christian Friedrich Prange getan ?. - Robert Stalla : Das &quot;Institut der bildenden Künste&quot; in Landshut unter der Leitung von Simon Klotz. - Ein Brief Carl Ludwig Fernows an die Naturforschende Gesellschaft zu Jena (1793) : mitgeteilt von Harald Tausch</subfield></datafield><datafield ind1="1" ind2="7" tag="600"><subfield code="a">Fernow, Carl Ludwig</subfield><subfield code="d">1763-1808</subfield><subfield code="0">(IDREF)056556632</subfield><subfield code="2">idref</subfield></datafield><datafield ind1="1" ind2="7" tag="600"><subfield code="a">Fernow, Carl Ludwig</subfield><subfield code="v">Kongressbericht</subfield><subfield code="2">idsbb</subfield></datafield><datafield ind1="1" ind2="7" tag="600"><subfield code="a">Fernow, Carl Ludwig</subfield><subfield code="d">1763-1808</subfield><subfield code="0">(DE-588)118686852</subfield><subfield code="2">gnd</subfield></datafield><datafield ind1=" " ind2="7" tag="650"><subfield code="a">histoire de l'art (discipline)</subfield><subfield code="0">(RERO)A009996879</subfield><subfield code="2">rerovoc</subfield></datafield><datafield ind1=" " ind2="7" tag="650"><subfield code="a">Kunstgeschichte</subfield><subfield code="g">Fach</subfield><subfield code="0">(DE-588)4138803-3</subfield><subfield code="2">gnd</subfield></datafield><datafield ind1=" " ind2="7" tag="650"><subfield code="a">HOCHSCHULDISZIPLIN (HOCHSCHULWESEN)</subfield><subfield code="9">ger</subfield><subfield code="0">(ETHUDK)000012236</subfield><subfield code="2">ethudk</subfield></datafield><datafield ind1=" " ind2="7" tag="650"><subfield code="a">JENA (DEUTSCHLAND)</subfield><subfield code="9">ger</subfield><subfield code="0">(ETHUDK)000002856</subfield><subfield code="2">ethudk</subfield></datafield><datafield ind1=" " ind2="7" tag="650"><subfield code="a">KUNSTGESCHICHTE</subfield><subfield code="9">ger</subfield><subfield code="0">(ETHUDK)000035233</subfield><subfield code="2">ethudk</subfield></datafield><datafield ind1=" " ind2="7" tag="650"><subfield code="a">&quot;1800/&quot;</subfield><subfield code="2">ethudk</subfield></datafield><datafield ind1=" " ind2="7" tag="655"><subfield code="a">[Études diverses]</subfield><subfield code="0">(RERO)A022249905</subfield><subfield code="2">rero</subfield></datafield><datafield ind1=" " ind2="7" tag="655"><subfield code="a">Aufsatzsammlung</subfield><subfield code="2">gnd-content</subfield></datafield><datafield ind1=" " ind2=" " tag="690"><subfield code="a">Fernow, Carl Ludwig</subfield><subfield code="2">ubs-A5</subfield></datafield><datafield ind1=" " ind2=" " tag="690"><subfield code="a">Kunstwissenschaft - Deutschland - 18.-19. Jh.</subfield><subfield code="2">ubs-A5</subfield></datafield><datafield ind1="1" ind2=" " tag="700"><subfield code="a">Wegner, Reinhard</subfield><subfield code="d">1953-</subfield><subfield code="0">(DE-588)129025542</subfield><subfield code="6">880-02</subfield></datafield><datafield ind1="1" ind2=" " tag="880"><subfield code="6">700-02</subfield><subfield code="a">Wegner, Reinhard</subfield><subfield code="d">1953-...</subfield><subfield code="0">(IDREF)061138088</subfield></datafield><datafield ind1="4" ind2=" " tag="856"><subfield code="3">Inhaltsverzeichnis</subfield><subfield code="u">http://www.ub.unibas.ch/tox/HBZ/HT014049333/PDF</subfield><subfield code="q">pdf</subfield></datafield><datafield ind1=" " ind2="0" tag="830"><subfield code="a">Ästhetik um 1800</subfield><subfield code="v">2</subfield><subfield code="w">(NEBIS)004993602EBI01</subfield></datafield><datafield ind1=" " ind2="0" tag="830"><subfield code="a">Ästhetik um 1800</subfield><subfield code="v">2</subfield><subfield code="w">(IDSBB)003690748DSV01</subfield></datafield><datafield ind1=" " ind2=" " tag="949"><subfield code="a">http://www.ub.unibas.ch/tox/HBZ/HT014049333/PDF</subfield></datafield><datafield ind1=" " ind2=" " tag="993"><subfield code="a">BFLA 230770/2</subfield><subfield code="x">ge/ulha/a/11/1206</subfield><subfield code="9">LOCAL</subfield></datafield></record>
</metadata></record>