<record><header><identifier>oai:alma.41SLSP_UGE:991000099089705502</identifier><datestamp>2024-05-30T00:07:24Z</datestamp><setSpec>uge_bcen_RapidILL_BOOK</setSpec><setSpec>uge_aaca_RapidILL_BOOK</setSpec><setSpec>uge_abels_RapidILL_BOOK</setSpec><setSpec>uge_dbu_RapidILL_BOOK</setSpec><setSpec>uge_cmu_RapidILL_BOOK</setSpec><setSpec>uge_mail_RapidILL_BOOK</setSpec><setSpec>uge_abbat_RapidILL_BOOK</setSpec><setSpec>UNIGE_ALL</setSpec><setSpec>uge_acar_RapidILL_BOOK</setSpec><setSpec>uge_aobs_RapidILL_BOOK</setSpec></header><metadata>
<record xmlns="http://www.loc.gov/MARC21/slim" xmlns:xsi="http://www.w3.org/2001/XMLSchema-instance" xsi:schemaLocation="http://www.loc.gov/MARC21/slim http://www.loc.gov/standards/marcxml/schema/MARC21slim.xsd"><leader>02836nam a2200349 c 4500</leader><controlfield tag="001">991000099089705502</controlfield><controlfield tag="005">20240529155109.0</controlfield><controlfield tag="008">171026s2017    fr ||||| |||| 00| ||fre d</controlfield><datafield ind1=" " ind2=" " tag="020"><subfield code="a">9782343126784</subfield></datafield><datafield ind1="7" ind2=" " tag="024"><subfield code="a">http://catalogue.bnf.fr/ark:/12148/cb453665791</subfield><subfield code="2">uri</subfield></datafield><datafield ind1=" " ind2=" " tag="035"><subfield code="a">(swissbib)124285465-41slsp_network</subfield></datafield><datafield ind1=" " ind2=" " tag="035"><subfield code="a">124285465</subfield><subfield code="9">ExL</subfield></datafield><datafield ind1=" " ind2=" " tag="035"><subfield code="a">(RERO)R008722880-41slsp</subfield></datafield><datafield ind1=" " ind2=" " tag="035"><subfield code="a">(EXLNZ-41SLSP_NETWORK)991124702219705501</subfield></datafield><datafield ind1=" " ind2=" " tag="040"><subfield code="a">RERO geies-</subfield><subfield code="d">CH-ZuSLS</subfield></datafield><datafield ind1=" " ind2="7" tag="072"><subfield code="a">pe</subfield><subfield code="2">rero</subfield></datafield><datafield ind1="0" ind2="0" tag="245"><subfield code="a">Dictionnaire critique des enjeux et concepts des &quot;éducations à&quot;</subfield><subfield code="c">sous la dir. d'Angela Barthes, Jean-Marc Lange, Nicole Tutiaux-Guillon</subfield></datafield><datafield ind1=" " ind2="1" tag="264"><subfield code="a">Paris</subfield><subfield code="b">L'Harmattan</subfield><subfield code="c">2017</subfield></datafield><datafield ind1=" " ind2=" " tag="300"><subfield code="a">622 p.</subfield></datafield><datafield ind1=" " ind2=" " tag="336"><subfield code="b">txt</subfield><subfield code="2">rdacontent</subfield></datafield><datafield ind1=" " ind2=" " tag="337"><subfield code="b">n</subfield><subfield code="2">rdamedia</subfield></datafield><datafield ind1=" " ind2=" " tag="338"><subfield code="b">nc</subfield><subfield code="2">rdacarrier</subfield></datafield><datafield ind1=" " ind2=" " tag="504"><subfield code="a">Références bibliographiques</subfield></datafield><datafield ind1="8" ind2=" " tag="520"><subfield code="a">Depuis le début des années 80 apparaissent de nombreuses &quot;éducations à&quot; (développement durable, santé, citoyenneté, solidarité internationale, médias et information, citoyenneté, patrimoine...). Elles prennent en charge des enjeux globaux et induisent des formations à la responsabilité individuelle et collective. Elles traduisent des modifications en profondeur des logiques éducatives. Elles sont ainsi sources de nouvelles problématiques et questionnements pour le champ des sciences de l'éducation et les formations. Elles s'inscrivent d'abord dans la continuité des actions éducatives scolaires, parce qu'elles existent sous des formes historiquement diversifiées depuis l'origine de l'enseignement général et obligatoire. Elles se formalisent aussi comme significatives d'une rupture, parce qu'elles s'inscrivent dans un contexte de pression économique mondialisée et dans une perspective affichée de socialisation et d'éducation globale et normative. Mais chacune présente des spécificités de références, d'insertion dans les systèmes éducatifs et les disciplines, de prise en charge par les acteurs de l'éducation. L'émergence des &quot;éducations à&quot; questionne les systèmes éducatifs existants, dans leurs structures, leurs contenus, leurs finalités. Ces prescriptions et préconisations imposent de revisiter certains concepts des sciences de l'éducation en usage dans le monde francophone. (4e de couv.)</subfield><subfield code="5">RERO/frvhep/01.2018</subfield></datafield><datafield ind1=" " ind2="7" tag="650"><subfield code="a">Éducation</subfield><subfield code="0">(IDREF)027555100</subfield><subfield code="2">idref</subfield></datafield><datafield ind1=" " ind2="7" tag="650"><subfield code="a">Systèmes d'enseignement</subfield><subfield code="0">(IDREF)027613542</subfield><subfield code="2">idref</subfield></datafield><datafield ind1=" " ind2="7" tag="650"><subfield code="a">Finalités</subfield><subfield code="0">(IDREF)027790487</subfield><subfield code="2">idref</subfield></datafield><datafield ind1=" " ind2="7" tag="650"><subfield code="a">Programmes d'études</subfield><subfield code="0">(IDREF)027531090</subfield><subfield code="2">idref</subfield></datafield><datafield ind1=" " ind2="7" tag="650"><subfield code="a">Relations école-collectivité</subfield><subfield code="0">(IDREF)027404919</subfield><subfield code="2">idref</subfield></datafield><datafield ind1=" " ind2="7" tag="655"><subfield code="a">Dictionnaires</subfield><subfield code="0">(IDREF)027232050</subfield><subfield code="2">idref</subfield></datafield><datafield ind1="1" ind2=" " tag="700"><subfield code="a">Barthes, Angela</subfield><subfield code="d">1972-....</subfield><subfield code="0">(IDREF)098141392</subfield><subfield code="4">edt</subfield></datafield><datafield ind1="1" ind2=" " tag="700"><subfield code="a">Lange, Jean-Marc</subfield><subfield code="d">1957-....</subfield><subfield code="0">(IDREF)034852069</subfield><subfield code="4">edt</subfield></datafield><datafield ind1="1" ind2=" " tag="700"><subfield code="a">Tutiaux-Guillon, Nicole</subfield><subfield code="d">19..-....</subfield><subfield code="0">(IDREF)052263991</subfield><subfield code="4">edt</subfield></datafield></record>
</metadata></record>