<record><header><identifier>oai:alma.41SLSP_UGE:991000099189705502</identifier><datestamp>2023-03-01T01:10:31Z</datestamp><setSpec>uge_bcen_RapidILL_BOOK</setSpec><setSpec>uge_aaca_RapidILL_BOOK</setSpec><setSpec>uge_abels_RapidILL_BOOK</setSpec><setSpec>uge_dbu_RapidILL_BOOK</setSpec><setSpec>uge_cmu_RapidILL_BOOK</setSpec><setSpec>uge_mail_RapidILL_BOOK</setSpec><setSpec>UNIGE_ALL</setSpec><setSpec>uge_abbat_RapidILL_BOOK</setSpec><setSpec>uge_aobs_RapidILL_BOOK</setSpec><setSpec>uge_acar_RapidILL_BOOK</setSpec></header><metadata>
<record xmlns="http://www.loc.gov/MARC21/slim" xmlns:xsi="http://www.w3.org/2001/XMLSchema-instance" xsi:schemaLocation="http://www.loc.gov/MARC21/slim http://www.loc.gov/standards/marcxml/schema/MARC21slim.xsd"><leader>02017nam a2200433 c 4500</leader><controlfield tag="001">991000099189705502</controlfield><controlfield tag="005">20201229225035.0</controlfield><controlfield tag="008">201011t19951995xxu||||| |||| 10| ||eng d</controlfield><datafield ind1=" " ind2=" " tag="020"><subfield code="a">0792336690</subfield><subfield code="q">hb : alk. paper</subfield></datafield><datafield ind1=" " ind2=" " tag="035"><subfield code="a">(swissbib)212626507-41slsp_network</subfield></datafield><datafield ind1=" " ind2=" " tag="035"><subfield code="a">212626507</subfield><subfield code="9">ExL</subfield></datafield><datafield ind1=" " ind2=" " tag="035"><subfield code="a">(RERO)2147387-41slsp</subfield></datafield><datafield ind1=" " ind2=" " tag="035"><subfield code="a">(NEBIS)001475706EBI01</subfield></datafield><datafield ind1=" " ind2=" " tag="035"><subfield code="a">(EXLNZ-41SLSP_NETWORK)991144807859705501</subfield></datafield><datafield ind1=" " ind2=" " tag="040"><subfield code="a">RERO geussm</subfield><subfield code="d">CH-ZuSLS</subfield></datafield><datafield ind1=" " ind2="7" tag="072"><subfield code="a">ma</subfield><subfield code="2">rero</subfield></datafield><datafield ind1=" " ind2=" " tag="084"><subfield code="a">20</subfield><subfield code="2">msc</subfield></datafield><datafield ind1="0" ind2="0" tag="245"><subfield code="a">Finite and locally finite groups</subfield><subfield code="c">ed. by B. Hartley ... [et al.]</subfield></datafield><datafield ind1=" " ind2="1" tag="264"><subfield code="a">Dordrecht</subfield><subfield code="a">Boston [etc.]</subfield><subfield code="b">Kluwer Academic Publishers</subfield><subfield code="c">1995</subfield></datafield><datafield ind1=" " ind2="4" tag="264"><subfield code="c">©1995</subfield></datafield><datafield ind1=" " ind2=" " tag="300"><subfield code="a">XII, 458 p.</subfield><subfield code="c">25 cm</subfield></datafield><datafield ind1=" " ind2=" " tag="336"><subfield code="b">txt</subfield><subfield code="2">rdacontent</subfield></datafield><datafield ind1=" " ind2=" " tag="337"><subfield code="b">n</subfield><subfield code="2">rdamedia</subfield></datafield><datafield ind1=" " ind2=" " tag="338"><subfield code="b">nc</subfield><subfield code="2">rdacarrier</subfield></datafield><datafield ind1="1" ind2=" " tag="490"><subfield code="a">NATO ASI series. Series C, Mathematical and physical sciences</subfield><subfield code="v">vol. 471</subfield></datafield><datafield ind1=" " ind2=" " tag="500"><subfield code="a">Congrès de mathématiques. Istambul. 1994</subfield></datafield><datafield ind1=" " ind2=" " tag="500"><subfield code="a">&quot;Proceedings of the NATO Advanced Study Institute on Finite and Locally Finite Groups held in Istanbul, Turkey, 14-27 August 1994&quot;--Pref</subfield></datafield><datafield ind1=" " ind2=" " tag="504"><subfield code="a">Includes index.</subfield></datafield><datafield ind1=" " ind2="7" tag="650"><subfield code="a">ENDLICHE GRUPPEN (ALGEBRA)</subfield><subfield code="9">ger</subfield><subfield code="0">(ETHUDK)000012613</subfield><subfield code="2">ethudk</subfield></datafield><datafield ind1=" " ind2="7" tag="650"><subfield code="a">LOKAL ENDLICHE GRUPPEN (ALGEBRA)</subfield><subfield code="9">ger</subfield><subfield code="0">(ETHUDK)000057001</subfield><subfield code="2">ethudk</subfield></datafield><datafield ind1=" " ind2="7" tag="655"><subfield code="a">Konferenzschrift</subfield><subfield code="z">Istanbul</subfield><subfield code="y">1994/08</subfield><subfield code="2">gnd-content</subfield></datafield><datafield ind1="1" ind2=" " tag="700"><subfield code="a">Hartley, B.</subfield></datafield><datafield ind1="1" ind2=" " tag="700"><subfield code="a">Hartley, Brian</subfield><subfield code="d">1939-1994</subfield><subfield code="0">(IDREF)083157409</subfield></datafield><datafield ind1="2" ind2=" " tag="710"><subfield code="a">NATO</subfield><subfield code="0">(DE-588)377-3</subfield></datafield><datafield ind1="2" ind2=" " tag="711"><subfield code="a">Advanced Study Institute on Finite and Locally Finite Groups</subfield><subfield code="d">1994</subfield><subfield code="c">Istanbul</subfield><subfield code="0">(DE-588)5170903-X</subfield></datafield><datafield ind1="2" ind2=" " tag="711"><subfield code="a">NATO Advanced Study Institute on Finite and Locally Finite Groups</subfield><subfield code="d">1994</subfield><subfield code="c">Istanbul, Turkey</subfield><subfield code="0">(RERO)A012534857</subfield></datafield><datafield ind1="4" ind2=" " tag="856"><subfield code="3">Abstract / Autoreninformation</subfield><subfield code="u">https://toc.library.ethz.ch/objects/pdf/000070825_e01_0792336690_02.pdf</subfield><subfield code="q">pdf</subfield></datafield><datafield ind1=" " ind2=" " tag="830"><subfield code="a">NATO science series</subfield><subfield code="n">Series C</subfield><subfield code="p">Mathematical and physical sciences</subfield><subfield code="v">471</subfield><subfield code="w">(NEBIS)000019229EBI01</subfield></datafield><datafield ind1=" " ind2=" " tag="830"><subfield code="a">NATO ASI Series</subfield><subfield code="p">Series C, Mathematical and physical sciences</subfield><subfield code="v">471</subfield><subfield code="w">(RERO)0633844-41slsp</subfield></datafield><datafield ind1=" " ind2=" " tag="900"><subfield code="a">REROnoselfmerge</subfield></datafield></record>
</metadata></record>