<record><header><identifier>oai:alma.41SLSP_UGE:991000098989705502</identifier><datestamp>2023-03-01T01:10:31Z</datestamp><setSpec>uge_bcen_RapidILL_BOOK</setSpec><setSpec>uge_aaca_RapidILL_BOOK</setSpec><setSpec>uge_abels_RapidILL_BOOK</setSpec><setSpec>uge_dbu_RapidILL_BOOK</setSpec><setSpec>uge_cmu_RapidILL_BOOK</setSpec><setSpec>uge_mail_RapidILL_BOOK</setSpec><setSpec>UNIGE_ALL</setSpec><setSpec>uge_abbat_RapidILL_BOOK</setSpec><setSpec>uge_aobs_RapidILL_BOOK</setSpec><setSpec>uge_acar_RapidILL_BOOK</setSpec></header><metadata>
<record xmlns="http://www.loc.gov/MARC21/slim" xmlns:xsi="http://www.w3.org/2001/XMLSchema-instance" xsi:schemaLocation="http://www.loc.gov/MARC21/slim http://www.loc.gov/standards/marcxml/schema/MARC21slim.xsd"><leader>01446nam a2200397 c 4500</leader><controlfield tag="001">991000098989705502</controlfield><controlfield tag="005">20201229233049.0</controlfield><controlfield tag="008">201011s2001    be            00| | eng d</controlfield><datafield ind1=" " ind2=" " tag="020"><subfield code="a">9058671151</subfield><subfield code="q">Leuven University Press</subfield></datafield><datafield ind1=" " ind2=" " tag="020"><subfield code="a">9042909749</subfield><subfield code="q">Peeters Leuven</subfield></datafield><datafield ind1=" " ind2=" " tag="020"><subfield code="a">2877235505</subfield><subfield code="q">Peeters France</subfield></datafield><datafield ind1="7" ind2=" " tag="024"><subfield code="a">http://catalogue.bnf.fr/ark:/12148/cb37656351k</subfield><subfield code="2">uri</subfield></datafield><datafield ind1=" " ind2=" " tag="035"><subfield code="a">(swissbib)211834394-41slsp_network</subfield></datafield><datafield ind1=" " ind2=" " tag="035"><subfield code="a">211834394</subfield><subfield code="9">ExL</subfield></datafield><datafield ind1=" " ind2=" " tag="035"><subfield code="a">(IDSBB)002394737DSV01</subfield></datafield><datafield ind1=" " ind2=" " tag="035"><subfield code="a">(RERO)R003082976-41slsp</subfield></datafield><datafield ind1=" " ind2=" " tag="035"><subfield code="a">(EXLNZ-41SLSP_NETWORK)991159268869705501</subfield></datafield><datafield ind1=" " ind2=" " tag="040"><subfield code="a">SzZuIDS BS/BE B470</subfield><subfield code="e">kids</subfield><subfield code="d">CH-ZuSLS</subfield></datafield><datafield ind1="0" ind2=" " tag="041"><subfield code="a">eng</subfield><subfield code="a">fre</subfield></datafield><datafield ind1=" " ind2="7" tag="072"><subfield code="a">th</subfield><subfield code="2">SzZuIDS BS/BE</subfield></datafield><datafield ind1=" " ind2="7" tag="072"><subfield code="a">th</subfield><subfield code="2">rero</subfield></datafield><datafield ind1=" " ind2=" " tag="084"><subfield code="a">BC 7740</subfield><subfield code="2">rvk</subfield></datafield><datafield ind1="1" ind2=" " tag="100"><subfield code="a">Neirynck, Frans</subfield><subfield code="d">1927-....</subfield><subfield code="0">(IDREF)027046036</subfield><subfield code="4">cre</subfield></datafield><datafield ind1="1" ind2="0" tag="245"><subfield code="a">1992-2000</subfield><subfield code="b">collected essays</subfield><subfield code="c">by Frans Neirynck ; ed. by F. van Segbroeck</subfield></datafield><datafield ind1=" " ind2="1" tag="264"><subfield code="a">Leuven</subfield><subfield code="b">University Press</subfield><subfield code="c">2001</subfield></datafield><datafield ind1=" " ind2=" " tag="300"><subfield code="a">666 p.</subfield><subfield code="c">25 cm</subfield></datafield><datafield ind1=" " ind2=" " tag="336"><subfield code="b">txt</subfield><subfield code="2">rdacontent</subfield></datafield><datafield ind1=" " ind2=" " tag="337"><subfield code="b">n</subfield><subfield code="2">rdamedia</subfield></datafield><datafield ind1=" " ind2=" " tag="338"><subfield code="b">nc</subfield><subfield code="2">rdacarrier</subfield></datafield><datafield ind1="1" ind2=" " tag="490"><subfield code="a">Evangelica</subfield><subfield code="v">Bd. 3</subfield></datafield><datafield ind1="1" ind2=" " tag="490"><subfield code="a">Bibliotheca Ephemeridum theologicarum Lovaniensium</subfield><subfield code="v">150</subfield></datafield><datafield ind1=" " ind2=" " tag="500"><subfield code="a">Beiträge engl. und französisch</subfield></datafield><datafield ind1=" " ind2="7" tag="650"><subfield code="a">Evangelien</subfield><subfield code="2">idsbb</subfield></datafield><datafield ind1=" " ind2=" " tag="830"><subfield code="a">Bibliotheca ephemeridum theologicarum Lovaniensium</subfield><subfield code="v">150</subfield><subfield code="w">(RERO)0032017-41slsp</subfield></datafield><datafield ind1="1" ind2=" " tag="800"><subfield code="a">Neirynck, Frans</subfield><subfield code="t">Evangelica</subfield><subfield code="v">3</subfield><subfield code="w">(IDSBB)000734873DSV01</subfield></datafield><datafield ind1="1" ind2=" " tag="800"><subfield code="a">Neirynck, Frans</subfield><subfield code="t">Evangelica</subfield><subfield code="v">3</subfield><subfield code="w">(RERO)1413226-41slsp</subfield></datafield><datafield ind1=" " ind2=" " tag="900"><subfield code="a">REROnoselfmerge</subfield></datafield></record>
</metadata></record>