<record><header><identifier>oai:alma.41SLSP_UGE:991000099309705502</identifier><datestamp>2023-07-01T00:25:00Z</datestamp><setSpec>uge_bcen_RapidILL_BOOK</setSpec><setSpec>uge_aaca_RapidILL_BOOK</setSpec><setSpec>uge_abels_RapidILL_BOOK</setSpec><setSpec>uge_dbu_RapidILL_BOOK</setSpec><setSpec>uge_cmu_RapidILL_BOOK</setSpec><setSpec>uge_mail_RapidILL_BOOK</setSpec><setSpec>uge_abbat_RapidILL_BOOK</setSpec><setSpec>UNIGE_ALL</setSpec><setSpec>uge_acar_RapidILL_BOOK</setSpec><setSpec>uge_aobs_RapidILL_BOOK</setSpec></header><metadata>
<record xmlns="http://www.loc.gov/MARC21/slim" xmlns:xsi="http://www.w3.org/2001/XMLSchema-instance" xsi:schemaLocation="http://www.loc.gov/MARC21/slim http://www.loc.gov/standards/marcxml/schema/MARC21slim.xsd"><leader>06414nam a2200865uc 4500</leader><controlfield tag="001">991000099309705502</controlfield><controlfield tag="005">20230630123001.0</controlfield><controlfield tag="008">201011s1996    gw       m    00| | ger  </controlfield><datafield ind1=" " ind2=" " tag="019"><subfield code="a">Catalogage: décrit l'ex. de thèse</subfield><subfield code="5">RERO/29.12.1996/nebpun/mst</subfield></datafield><datafield ind1=" " ind2=" " tag="019"><subfield code="a">Grisard, Felix; geb. 29.04.1968</subfield></datafield><datafield ind1=" " ind2=" " tag="035"><subfield code="a">(swissbib)227275535-41slsp_network</subfield></datafield><datafield ind1=" " ind2=" " tag="035"><subfield code="a">227275535</subfield><subfield code="9">ExL</subfield></datafield><datafield ind1=" " ind2=" " tag="035"><subfield code="a">(IDSSG)000126761HSB01</subfield></datafield><datafield ind1=" " ind2=" " tag="035"><subfield code="a">(RERO)R210496160-41slsp</subfield></datafield><datafield ind1=" " ind2=" " tag="035"><subfield code="a">(NEBIS)001676203EBI01</subfield></datafield><datafield ind1=" " ind2=" " tag="035"><subfield code="a">(IDSLU)000097636ILU01</subfield></datafield><datafield ind1=" " ind2=" " tag="035"><subfield code="a">(IDSBB)001311273DSV01</subfield></datafield><datafield ind1=" " ind2=" " tag="035"><subfield code="a">(EXLNZ-41SLSP_NETWORK)991058855409705501</subfield></datafield><datafield ind1=" " ind2=" " tag="040"><subfield code="a">SzZuIDS HSG</subfield><subfield code="b">ger</subfield><subfield code="e">kids</subfield><subfield code="d">CH-ZuSLS</subfield></datafield><datafield ind1=" " ind2=" " tag="044"><subfield code="a">sz</subfield><subfield code="c">ch-sg</subfield></datafield><datafield ind1=" " ind2="7" tag="072"><subfield code="a">se</subfield><subfield code="2">rero</subfield></datafield><datafield ind1=" " ind2="7" tag="072"><subfield code="a">dr</subfield><subfield code="2">rero</subfield></datafield><datafield ind1=" " ind2="7" tag="072"><subfield code="a">17</subfield><subfield code="2">IDS LU</subfield></datafield><datafield ind1=" " ind2="7" tag="072"><subfield code="a">800</subfield><subfield code="2">IDS LU</subfield></datafield><datafield ind1=" " ind2="7" tag="072"><subfield code="a">bw</subfield><subfield code="2">SzZuIDS BS/BE</subfield></datafield><datafield ind1=" " ind2=" " tag="084"><subfield code="a">CA/CH 79 h</subfield><subfield code="2">cjurrom</subfield></datafield><datafield ind1="1" ind2=" " tag="100"><subfield code="a">Grisard, Felix G.</subfield></datafield><datafield ind1="1" ind2="0" tag="245"><subfield code="a">Rechtliche Freiräume für den unternehmerischen Wandel</subfield><subfield code="c">von Felix Grisard</subfield></datafield><datafield ind1=" " ind2="1" tag="264"><subfield code="c">1996</subfield></datafield><datafield ind1=" " ind2="3" tag="264"><subfield code="a">Bamberg</subfield><subfield code="b">Difo-Dr.</subfield></datafield><datafield ind1=" " ind2=" " tag="300"><subfield code="a">IX, 210 S.</subfield><subfield code="b">Ill., Tab.</subfield><subfield code="c">21 cm</subfield></datafield><datafield ind1=" " ind2=" " tag="336"><subfield code="b">txt</subfield><subfield code="2">rdacontent</subfield></datafield><datafield ind1=" " ind2=" " tag="337"><subfield code="b">n</subfield><subfield code="2">rdamedia</subfield></datafield><datafield ind1=" " ind2=" " tag="338"><subfield code="b">nc</subfield><subfield code="2">rdacarrier</subfield></datafield><datafield ind1=" " ind2=" " tag="502"><subfield code="b">Dissertation</subfield><subfield code="c">Universität St. Gallen</subfield><subfield code="d">1996</subfield><subfield code="o">1881</subfield></datafield><datafield ind1=" " ind2=" " tag="502"><subfield code="a">Diss. Wirtschaftswiss. St. Gallen, 1996 ; Nr. 1881</subfield></datafield><datafield ind1=" " ind2=" " tag="504"><subfield code="a">Bibliogr.</subfield></datafield><datafield ind1=" " ind2="7" tag="650"><subfield code="a">Droit</subfield><subfield code="0">(IDREF)027466868</subfield><subfield code="2">idref</subfield></datafield><datafield ind1=" " ind2="7" tag="650"><subfield code="a">Entreprises</subfield><subfield code="0">(IDREF)027467473</subfield><subfield code="2">idref</subfield></datafield><datafield ind1=" " ind2="7" tag="650"><subfield code="a">Unternehmensentwicklung</subfield><subfield code="0">(DE-588)4125011-4</subfield><subfield code="2">gnd</subfield></datafield><datafield ind1=" " ind2="7" tag="650"><subfield code="a">Produktionsmittel</subfield><subfield code="0">(DE-588)4175804-3</subfield><subfield code="2">gnd</subfield></datafield><datafield ind1=" " ind2="7" tag="650"><subfield code="a">Humankapital</subfield><subfield code="0">(DE-588)4160783-1</subfield><subfield code="2">gnd</subfield></datafield><datafield ind1=" " ind2="7" tag="650"><subfield code="a">Wirtschaftsrecht</subfield><subfield code="0">(DE-588)4066510-0</subfield><subfield code="2">gnd</subfield></datafield><datafield ind1=" " ind2="7" tag="650"><subfield code="a">Recht</subfield><subfield code="0">(DE-588)4048737-4</subfield><subfield code="2">gnd</subfield></datafield><datafield ind1=" " ind2="7" tag="650"><subfield code="a">Restrukturierung</subfield><subfield code="0">(DE-588)4335640-0</subfield><subfield code="2">gnd</subfield></datafield><datafield ind1=" " ind2="7" tag="650"><subfield code="a">Unternehmen</subfield><subfield code="0">(DE-588)4061963-1</subfield><subfield code="2">gnd</subfield></datafield><datafield ind1=" " ind2="7" tag="650"><subfield code="a">Personalanpassung</subfield><subfield code="0">(DE-588)4135484-9</subfield><subfield code="2">gnd</subfield></datafield><datafield ind1=" " ind2="7" tag="650"><subfield code="a">Produktionsstruktur</subfield><subfield code="0">(DE-588)4115638-9</subfield><subfield code="2">gnd</subfield></datafield><datafield ind1=" " ind2="7" tag="650"><subfield code="a">Wirtschaftsrecht</subfield><subfield code="x">Unternehmenswandel</subfield><subfield code="z">Schweiz</subfield><subfield code="2">idsbb</subfield></datafield><datafield ind1=" " ind2="7" tag="650"><subfield code="a">Unternehmenswandel</subfield><subfield code="x">Wirtschaftsrecht</subfield><subfield code="z">Schweiz</subfield><subfield code="2">idsbb</subfield></datafield><datafield ind1=" " ind2="7" tag="650"><subfield code="a">Wirtschaftsrecht</subfield><subfield code="x">Unternehmenswandel</subfield><subfield code="z">Deutschland (BRD)</subfield><subfield code="2">idsbb</subfield></datafield><datafield ind1=" " ind2="7" tag="650"><subfield code="a">Unternehmenswandel</subfield><subfield code="x">Wirtschaftsrecht</subfield><subfield code="z">Deutschland (BRD)</subfield><subfield code="2">idsbb</subfield></datafield><datafield ind1=" " ind2="4" tag="650"><subfield code="a">Personalanpassung</subfield></datafield><datafield ind1=" " ind2="4" tag="650"><subfield code="a">Produktionsstruktur</subfield></datafield><datafield ind1=" " ind2="4" tag="650"><subfield code="a">Recht</subfield></datafield><datafield ind1=" " ind2="4" tag="650"><subfield code="a">Restrukturierung</subfield></datafield><datafield ind1=" " ind2="4" tag="650"><subfield code="a">Unternehmen</subfield></datafield><datafield ind1=" " ind2="7" tag="651"><subfield code="a">Suisse</subfield><subfield code="0">(IDREF)027249654</subfield><subfield code="2">idref</subfield></datafield><datafield ind1=" " ind2="7" tag="651"><subfield code="a">Schweiz</subfield><subfield code="0">(DE-588)4053881-3</subfield><subfield code="2">gnd</subfield></datafield><datafield ind1=" " ind2="7" tag="651"><subfield code="a">Deutschland</subfield><subfield code="0">(DE-588)4011882-4</subfield><subfield code="2">gnd</subfield></datafield><datafield ind1=" " ind2="4" tag="651"><subfield code="a">Deutschland</subfield></datafield><datafield ind1=" " ind2="4" tag="651"><subfield code="a">Schweiz</subfield></datafield><datafield ind1=" " ind2="7" tag="655"><subfield code="a">Hochschulschrift</subfield><subfield code="2">gnd-content</subfield></datafield><datafield ind1=" " ind2=" " tag="690"><subfield code="a">Kündigungsschutz; Strukturwandel; Entscheidung; gesetzliche Regelung; Planung; Betriebsänderung; Koordination; Zusammenarbeit; Unternehmen; Betriebsverfassung; Kulturpolitik; Realisierung; Humankapital; Altersgrenze; Abbau; Produktionsstruktur; Verbesserung; Management; Anpassung; internationaler Wettbewerb; Aufbau; Gesetz; Erfahrung; Kosten; Umweltrecht</subfield><subfield code="2">idssg-J</subfield></datafield><datafield ind1=" " ind2=" " tag="690"><subfield code="a">Detailplanung; Grobplanung; Grundsatzentscheidung; Sonderkündigungsschutz; Ersatzbeschaffung; Umweltverträglichkeitsprüfung; Zonenänderung; Baubewilligungsprozess; Bezugsgruppenorientierung; Interessenausgleich; Mittelwahl; Nutzungsumwandlung; Altlastenproblematik; Baugesuch; Beteiligungsrecht; Gesamtkosten; Kündigungsfolge; Regulierungsdichte; Unternehmensstruktur; Wandlungsfähigkeit; Baubewilligungsverfahren; Gebäudekosten; Mitwirkungsgesetz; Mitwirkungsrecht; Personalqualifikationsstruktur; Planungsaufwand; Rechtsmittelverfahren; Sektorentheorie; Stadientheorie; Baselstadt; Entscheidungsfreudigkeit; Erklärungsansatz; Freiraum; Gestaltungsplan; Grundfrage; Hauptfrage; Hauptproblem; Interviewverzeichnis; Kündigungsproblem; Landesgrenze; Literaturverzeichnis; Mitarbeitervertretung; Personalanpassungsflexibilität; Problemfeld; Realisierungsphase; Rechtschöpfung; Restrukturierungsrhythmus; Schlussfolgerunge; Sozialplanpflicht; Technologiesprung; Verfahrensdauer; Wettbewerbsnachteil</subfield><subfield code="2">idssg-J</subfield></datafield><datafield ind1=" " ind2=" " tag="690"><subfield code="a">besondere Bestimmung; betriebliche Verzerrung; langfristige Ausrichtung; organisatorische Vorkehrung; weitere Tendenz; wirtschaftliche Härte; arbeitsgerichtliche Rechtschöpfung; arbeitsrechtliche Bestimmung; arbeitsrechtliche Perspektive; betriebsbedingte Kündigung; betriebsexterne Bezugsgruppe; betriebswirtschaftliche Betrachtung; flexible Arbeit; frühzeitige Pensionierung; föderale Struktur; gesamtarbeitsvertragliche Regelung; gesetzliche Anforderung; gesetzliche Vorschrift; globaler Wettbewerb; große Anzahl; hohe Kosten; individualrechtliche Ebene; individualrechtliches Problemfeld; interne Dynamik; internationales Abkommen; kollektive Ebene; kollektivrechtliche Ebene; kollektivrechtliche Vereinbarung; lange Reaktionszeit; nachhaltige Ausrichtung; neue Technologie; nichtrechtliche Natur; organisatorische Umsetzung; personelle Vorkehrung; praktische Erfahrung; rechtlicher Freiraum; rechtliche Grundlage; rechtliche Natur; rechtliche Voraussetzung; soziale Härte; spezieller Bau; steuerliche Konsequenz; tarifvertragliche Regelung; umweltrechtliches Verfahren; unternehmensinterne Verhandlung; unternehmerische Entscheidung; unternehmerischer Wandel; volkswirtschaftliche Perspektive; volkswirtschaftliche Struktur; volkswirtschaftliche Verzerrung; vorzeitige Pensionierung; weiterer Erklärungsansatz; weitere Leistung; weitere Theorie; wettbewerbsorientierte Koordination; wichtige Grundfrage; wichtige Tendenz; wirtschaftlicher Grund; zentrale Koordination; zukünftige Struktur</subfield><subfield code="2">idssg-J</subfield></datafield><datafield ind1=" " ind2=" " tag="690"><subfield code="a">Schweiz C4EXSI; Deutschland C4EUGE; China C9CHIN; Bayern C4EUGE; Russland C4EXRU</subfield><subfield code="2">idssg-J</subfield></datafield><datafield ind1=" " ind2=" " tag="690"><subfield code="a">Dr. Heinz Hauser; Felix Grisard; Herr Prof.; Möglichkeit Kündigung Versetzung; neu Technologien Verbesserungen; Prof. Dr. Carl Baudenbacher Dissertation Nr.; Universität St. Gallen Hochschule; Wandel Rechtliche Freiräume</subfield><subfield code="2">idssg-J</subfield></datafield><datafield ind1=" " ind2=" " tag="690"><subfield code="a">Management, B: Wandelmanagement: Recht</subfield><subfield code="2">rzs-L1</subfield></datafield><datafield ind1=" " ind2=" " tag="690"><subfield code="a">Unternehmenstheorie, B: Wandelmanagement: Recht</subfield><subfield code="2">rzs-L1</subfield></datafield><datafield ind1=" " ind2=" " tag="690"><subfield code="a">Organisationstheorie, B: Wandelmanagement: Recht</subfield><subfield code="2">rzs-L1</subfield></datafield><datafield ind1="1" ind2=" " tag="700"><subfield code="a">Grisard, Felix</subfield><subfield code="0">(RERO)A003321105</subfield><subfield code="4">cre</subfield></datafield><datafield ind1="1" ind2=" " tag="700"><subfield code="a">Grisard, Felix</subfield></datafield><datafield ind1="1" ind2=" " tag="700"><subfield code="a">Hauser, Heinz</subfield><subfield code="d">1943-</subfield><subfield code="0">(DE-588)170021890</subfield><subfield code="4">dgs</subfield></datafield><datafield ind1="4" ind2=" " tag="856"><subfield code="u">https://tools.unisg.ch/url/hm00420432</subfield><subfield code="z">Inhaltsverzeichnis</subfield></datafield><datafield ind1=" " ind2=" " tag="949"><subfield code="a">https://tools.unisg.ch/url/hm00420432</subfield></datafield></record>
</metadata></record>