<record><header><identifier>oai:alma.41SLSP_UGE:991000098789705502</identifier><datestamp>2023-03-01T01:10:31Z</datestamp><setSpec>uge_bcen_RapidILL_BOOK</setSpec><setSpec>uge_aaca_RapidILL_BOOK</setSpec><setSpec>uge_abels_RapidILL_BOOK</setSpec><setSpec>uge_dbu_RapidILL_BOOK</setSpec><setSpec>uge_cmu_RapidILL_BOOK</setSpec><setSpec>uge_mail_RapidILL_BOOK</setSpec><setSpec>UNIGE_ALL</setSpec><setSpec>uge_abbat_RapidILL_BOOK</setSpec><setSpec>uge_aobs_RapidILL_BOOK</setSpec><setSpec>uge_acar_RapidILL_BOOK</setSpec></header><metadata>
<record xmlns="http://www.loc.gov/MARC21/slim" xmlns:xsi="http://www.w3.org/2001/XMLSchema-instance" xsi:schemaLocation="http://www.loc.gov/MARC21/slim http://www.loc.gov/standards/marcxml/schema/MARC21slim.xsd"><leader>02279nam a2200589 c 4500</leader><controlfield tag="001">991000098789705502</controlfield><controlfield tag="005">20230216205543.0</controlfield><controlfield tag="008">201011s1984    gw ||||| |||| 00| ||ger d</controlfield><datafield ind1=" " ind2=" " tag="020"><subfield code="a">3871631450</subfield></datafield><datafield ind1=" " ind2=" " tag="035"><subfield code="a">(swissbib)231929307-41slsp_network</subfield></datafield><datafield ind1=" " ind2=" " tag="035"><subfield code="a">231929307</subfield><subfield code="9">ExL</subfield></datafield><datafield ind1=" " ind2=" " tag="035"><subfield code="a">(RERO)1215937-41slsp</subfield></datafield><datafield ind1=" " ind2=" " tag="035"><subfield code="a">(NEBIS)003196222EBI01</subfield></datafield><datafield ind1=" " ind2=" " tag="035"><subfield code="a">(IDSBB)000451436DSV01</subfield></datafield><datafield ind1=" " ind2=" " tag="035"><subfield code="a">(IDSLU)000143994ILU01</subfield></datafield><datafield ind1=" " ind2=" " tag="035"><subfield code="a">(EXLNZ-41SLSP_NETWORK)991097057169705501</subfield></datafield><datafield ind1=" " ind2=" " tag="040"><subfield code="a">RERO geuth-</subfield><subfield code="d">CH-ZuSLS</subfield></datafield><datafield ind1=" " ind2="7" tag="072"><subfield code="a">th</subfield><subfield code="2">rero</subfield></datafield><datafield ind1=" " ind2="7" tag="072"><subfield code="a">th</subfield><subfield code="2">SzZuIDS BS/BE</subfield></datafield><datafield ind1=" " ind2="7" tag="072"><subfield code="a">760</subfield><subfield code="2">IDS LU</subfield></datafield><datafield ind1="0" ind2="4" tag="082"><subfield code="a">248.3/2</subfield><subfield code="2">19</subfield></datafield><datafield ind1="0" ind2="4" tag="082"><subfield code="a">242.802</subfield></datafield><datafield ind1=" " ind2=" " tag="084"><subfield code="a">BM 4481</subfield><subfield code="2">rvk</subfield></datafield><datafield ind1="1" ind2=" " tag="100"><subfield code="a">Lehmann, Leonhard</subfield><subfield code="d">1947-....</subfield><subfield code="0">(IDREF)094640068</subfield><subfield code="4">cre</subfield></datafield><datafield ind1="1" ind2="0" tag="245"><subfield code="a">Tiefe und Weite</subfield><subfield code="b">der universale Grundzug in den Gebeten des Franziskus von Assisi</subfield><subfield code="c">Leonhard Lehmann</subfield></datafield><datafield ind1=" " ind2="1" tag="264"><subfield code="a">Werl/Westfalen</subfield><subfield code="b">D. Coelde</subfield><subfield code="c">1984</subfield></datafield><datafield ind1=" " ind2=" " tag="300"><subfield code="a">349 p.</subfield><subfield code="c">24 cm</subfield></datafield><datafield ind1=" " ind2=" " tag="336"><subfield code="b">txt</subfield><subfield code="2">rdacontent</subfield></datafield><datafield ind1=" " ind2=" " tag="337"><subfield code="b">n</subfield><subfield code="2">rdamedia</subfield></datafield><datafield ind1=" " ind2=" " tag="338"><subfield code="b">nc</subfield><subfield code="2">rdacarrier</subfield></datafield><datafield ind1="1" ind2=" " tag="490"><subfield code="a">Franziskanische Forschungen</subfield><subfield code="v">H. 29</subfield></datafield><datafield ind1=" " ind2=" " tag="500"><subfield code="a">Diss. u.d.T.: Der universale Grunszug im Beten und Wirken des hl. Franziskus von Assisi : eine Analyse seiner Gebete und Briefe</subfield></datafield><datafield ind1=" " ind2=" " tag="500"><subfield code="a">Teil 1 der Diss. theol. Rom, 1982</subfield></datafield><datafield ind1=" " ind2=" " tag="502"><subfield code="a">Zugl.: Teildiss. theol. Rom, 1982</subfield></datafield><datafield ind1=" " ind2=" " tag="504"><subfield code="a">Bibliogr.: p. 17-26</subfield></datafield><datafield ind1="0" ind2="7" tag="600"><subfield code="a">François d'Assise</subfield><subfield code="c">saint</subfield><subfield code="d">1182?-1226</subfield><subfield code="0">(IDREF)02687234X</subfield><subfield code="2">idref</subfield></datafield><datafield ind1="0" ind2="0" tag="600"><subfield code="a">Francis</subfield><subfield code="c">of Assisi, Saint</subfield><subfield code="d">1182-1226</subfield></datafield><datafield ind1="0" ind2="7" tag="600"><subfield code="a">Franz</subfield><subfield code="c">von Assisi</subfield><subfield code="x">Gebet</subfield><subfield code="2">idsbb</subfield></datafield><datafield ind1=" " ind2="7" tag="650"><subfield code="a">Prière</subfield><subfield code="0">(IDREF)027245284</subfield><subfield code="2">idref</subfield></datafield><datafield ind1=" " ind2="7" tag="650"><subfield code="a">Gebet</subfield><subfield code="0">(DE-588)4019514-4</subfield><subfield code="2">gnd</subfield></datafield><datafield ind1=" " ind2="0" tag="650"><subfield code="a">Prayers, Medieval</subfield><subfield code="x">History and criticism</subfield></datafield><datafield ind1=" " ind2="0" tag="650"><subfield code="a">Prayer</subfield><subfield code="x">Christianity</subfield><subfield code="x">History</subfield></datafield><datafield ind1=" " ind2="7" tag="655"><subfield code="a">Hochschulschrift</subfield><subfield code="2">gnd-content</subfield></datafield><datafield ind1=" " ind2=" " tag="690"><subfield code="a">Franz (von Assisi) / 1980- ersch.</subfield><subfield code="2">uzb-Z9</subfield></datafield><datafield ind1=" " ind2=" " tag="690"><subfield code="a">Gebet / Einzelne Religionen / Christentum</subfield><subfield code="2">uzb-Z9</subfield></datafield><datafield ind1=" " ind2=" " tag="690"><subfield code="a">Franz von Assisi, B: Gebet</subfield><subfield code="2">rzs-L1</subfield></datafield><datafield ind1=" " ind2=" " tag="690"><subfield code="a">Gebet, B: Franz von Assisi</subfield><subfield code="2">rzs-L1</subfield></datafield><datafield ind1=" " ind2=" " tag="690"><subfield code="a">Franz von Assisi, Gebet. Grundzüge</subfield><subfield code="2">rzs-KK</subfield></datafield><datafield ind1=" " ind2=" " tag="830"><subfield code="a">Franziskanische Forschungen</subfield><subfield code="v">29</subfield><subfield code="w">(IDSLU)000358642ILU01</subfield></datafield><datafield ind1=" " ind2=" " tag="830"><subfield code="a">Franziskanische Forschungen</subfield><subfield code="v">29</subfield><subfield code="w">(RERO)0639055-41slsp</subfield></datafield><datafield ind1=" " ind2=" " tag="830"><subfield code="a">Franziskanische Forschungen</subfield><subfield code="v">29</subfield><subfield code="w">(NEBIS)000987164EBI01</subfield></datafield><datafield ind1=" " ind2=" " tag="900"><subfield code="a">REROnoselfmerge</subfield></datafield><datafield ind1=" " ind2=" " tag="900"><subfield code="a">IDSZRMedeaZBZ</subfield></datafield></record>
</metadata></record>