<record><header><identifier>oai:alma.41SLSP_UGE:991000098889705502</identifier><datestamp>2023-03-01T01:10:31Z</datestamp><setSpec>uge_bcen_RapidILL_BOOK</setSpec><setSpec>uge_aaca_RapidILL_BOOK</setSpec><setSpec>uge_abels_RapidILL_BOOK</setSpec><setSpec>uge_dbu_RapidILL_BOOK</setSpec><setSpec>uge_cmu_RapidILL_BOOK</setSpec><setSpec>uge_mail_RapidILL_BOOK</setSpec><setSpec>UNIGE_ALL</setSpec><setSpec>uge_abbat_RapidILL_BOOK</setSpec><setSpec>uge_aobs_RapidILL_BOOK</setSpec><setSpec>uge_acar_RapidILL_BOOK</setSpec></header><metadata>
<record xmlns="http://www.loc.gov/MARC21/slim" xmlns:xsi="http://www.w3.org/2001/XMLSchema-instance" xsi:schemaLocation="http://www.loc.gov/MARC21/slim http://www.loc.gov/standards/marcxml/schema/MARC21slim.xsd"><leader>02160nam a2200613 c 4500</leader><controlfield tag="001">991000098889705502</controlfield><controlfield tag="005">20201230205233.0</controlfield><controlfield tag="008">201011t19921992gw ||||| |||| 00| ||ger d</controlfield><datafield ind1=" " ind2=" " tag="015"><subfield code="a">92,N13,0349</subfield></datafield><datafield ind1=" " ind2=" " tag="020"><subfield code="a">3335002881</subfield><subfield code="q">Gb.</subfield></datafield><datafield ind1=" " ind2=" " tag="035"><subfield code="a">(swissbib)220157499-41slsp_network</subfield></datafield><datafield ind1=" " ind2=" " tag="035"><subfield code="a">220157499</subfield><subfield code="9">ExL</subfield></datafield><datafield ind1=" " ind2=" " tag="035"><subfield code="a">(RERO)R004235441-41slsp</subfield></datafield><datafield ind1=" " ind2=" " tag="035"><subfield code="a">(IDSBB)000882003DSV01</subfield></datafield><datafield ind1=" " ind2=" " tag="035"><subfield code="a">(NEBIS)001215392EBI01</subfield></datafield><datafield ind1=" " ind2=" " tag="035"><subfield code="a">(EXLNZ-41SLSP_NETWORK)991002620009705501</subfield></datafield><datafield ind1=" " ind2=" " tag="040"><subfield code="a">RERO geucmu</subfield><subfield code="d">CH-ZuSLS</subfield></datafield><datafield ind1="1" ind2=" " tag="041"><subfield code="a">ger</subfield><subfield code="h">cze</subfield></datafield><datafield ind1=" " ind2=" " tag="060"><subfield code="a">WB 940</subfield></datafield><datafield ind1=" " ind2="7" tag="072"><subfield code="a">me</subfield><subfield code="2">rero</subfield></datafield><datafield ind1=" " ind2="7" tag="072"><subfield code="a">me</subfield><subfield code="2">SzZuIDS BS/BE</subfield></datafield><datafield ind1="1" ind2="4" tag="082"><subfield code="a">610</subfield><subfield code="2">15</subfield></datafield><datafield ind1=" " ind2=" " tag="084"><subfield code="a">YT 8200</subfield><subfield code="2">rvk</subfield></datafield><datafield ind1="1" ind2=" " tag="100"><subfield code="a">Lewit, Karel</subfield><subfield code="0">(RERO)A012785793</subfield><subfield code="4">cre</subfield><subfield code="6">880-01</subfield></datafield><datafield ind1="1" ind2=" " tag="880"><subfield code="a">Lewit, Karel</subfield><subfield code="0">(DE-588)132891115</subfield><subfield code="6">100-01</subfield></datafield><datafield ind1="1" ind2="0" tag="245"><subfield code="a">Manuelle Medizin</subfield><subfield code="c">von Karel Lewit ; unter Mitarb. von Jochen Sachse und Vladimir Janda</subfield></datafield><datafield ind1="1" ind2=" " tag="246"><subfield code="a">Manipulační léčby v rámci reflexní terapie</subfield></datafield><datafield ind1=" " ind2=" " tag="250"><subfield code="a">6., überarb. und erg. Aufl.</subfield></datafield><datafield ind1=" " ind2="1" tag="264"><subfield code="a">Leipzig</subfield><subfield code="b">J.A. Barth</subfield><subfield code="c">1992</subfield></datafield><datafield ind1=" " ind2="4" tag="264"><subfield code="c">© 1992</subfield></datafield><datafield ind1=" " ind2=" " tag="300"><subfield code="a">558 S.</subfield><subfield code="b">Ill.</subfield><subfield code="c">25 cm</subfield></datafield><datafield ind1=" " ind2=" " tag="336"><subfield code="b">txt</subfield><subfield code="2">rdacontent</subfield></datafield><datafield ind1=" " ind2=" " tag="337"><subfield code="b">n</subfield><subfield code="2">rdamedia</subfield></datafield><datafield ind1=" " ind2=" " tag="338"><subfield code="b">nc</subfield><subfield code="2">rdacarrier</subfield></datafield><datafield ind1=" " ind2=" " tag="500"><subfield code="a">Frühere Aufl. erschienen im Verlag Urban &amp; Schwarzenberg</subfield></datafield><datafield ind1=" " ind2=" " tag="500"><subfield code="a">Originaltitel: Manipulačni léčba v rámci reflexni terapie</subfield></datafield><datafield ind1=" " ind2=" " tag="504"><subfield code="a">Bibliogr.: p. 489-544. Index</subfield></datafield><datafield ind1=" " ind2=" " tag="504"><subfield code="a">Literaturverz.</subfield></datafield><datafield ind1=" " ind2="2" tag="650"><subfield code="a">Manipulation, Orthopedic</subfield><subfield code="x">methods</subfield></datafield><datafield ind1=" " ind2="2" tag="650"><subfield code="a">Wounds and Injuries</subfield></datafield><datafield ind1=" " ind2="2" tag="650"><subfield code="a">Physical Examination</subfield></datafield><datafield ind1=" " ind2="2" tag="650"><subfield code="a">Exercise Therapy</subfield></datafield><datafield ind1=" " ind2="2" tag="650"><subfield code="a">Musculoskeletal Diseases</subfield></datafield><datafield ind1=" " ind2="7" tag="650"><subfield code="a">Bewegungsstörung</subfield><subfield code="2">idszbz</subfield></datafield><datafield ind1=" " ind2="7" tag="650"><subfield code="a">Manuelle Medizin</subfield><subfield code="2">idszbz</subfield></datafield><datafield ind1=" " ind2="2" tag="650"><subfield code="a">Manipulation, Orthopedic</subfield><subfield code="0">(DNLM)D008349</subfield></datafield><datafield ind1=" " ind2="2" tag="650"><subfield code="a">Physical and Rehabilitation Medicine</subfield><subfield code="0">(DNLM)D010810</subfield></datafield><datafield ind1=" " ind2="2" tag="650"><subfield code="a">Reflexotherapy</subfield><subfield code="0">(DNLM)D012028</subfield></datafield><datafield ind1=" " ind2="2" tag="650"><subfield code="a">Osteopathic Medicine</subfield><subfield code="0">(DNLM)D010021</subfield></datafield><datafield ind1=" " ind2="7" tag="650"><subfield code="a">Manuelle Medizin</subfield><subfield code="0">(DE-588)4037417-8</subfield><subfield code="2">gnd</subfield></datafield><datafield ind1=" " ind2="7" tag="655"><subfield code="a">Lehrbuch</subfield><subfield code="2">idszbz</subfield></datafield><datafield ind1="1" ind2=" " tag="700"><subfield code="a">Janda, Vladimír</subfield><subfield code="0">(RERO)A003419298</subfield></datafield><datafield ind1="1" ind2=" " tag="700"><subfield code="a">Sachse, Jochen</subfield><subfield code="d">1931-2005</subfield><subfield code="0">(DE-588)107102412</subfield><subfield code="6">880-03</subfield></datafield><datafield ind1="1" ind2=" " tag="880"><subfield code="a">Sachse, Jochen</subfield><subfield code="0">(RERO)A012787205</subfield><subfield code="6">700-03</subfield></datafield><datafield ind1=" " ind2=" " tag="900"><subfield code="a">REROnoselfmerge</subfield></datafield></record>
</metadata></record>