<record><header><identifier>oai:alma.41SLSP_UGE:991000099099705502</identifier><datestamp>2024-03-09T01:31:05Z</datestamp><setSpec>uge_bcen_RapidILL_BOOK</setSpec><setSpec>uge_aaca_RapidILL_BOOK</setSpec><setSpec>uge_abels_RapidILL_BOOK</setSpec><setSpec>uge_dbu_RapidILL_BOOK</setSpec><setSpec>uge_cmu_RapidILL_BOOK</setSpec><setSpec>uge_mail_RapidILL_BOOK</setSpec><setSpec>uge_abbat_RapidILL_BOOK</setSpec><setSpec>UNIGE_ALL</setSpec><setSpec>uge_acar_RapidILL_BOOK</setSpec><setSpec>uge_aobs_RapidILL_BOOK</setSpec></header><metadata>
<record xmlns="http://www.loc.gov/MARC21/slim" xmlns:xsi="http://www.w3.org/2001/XMLSchema-instance" xsi:schemaLocation="http://www.loc.gov/MARC21/slim http://www.loc.gov/standards/marcxml/schema/MARC21slim.xsd"><leader>04353nam a2200961 c 4500</leader><controlfield tag="001">991000099099705502</controlfield><controlfield tag="005">20240308060551.0</controlfield><controlfield tag="008">201011t19991999sz a|||| |||| 00| ||ger d</controlfield><datafield ind1=" " ind2=" " tag="020"><subfield code="a">3716511390</subfield><subfield code="c">Fr. 98.00</subfield></datafield><datafield ind1="7" ind2=" " tag="024"><subfield code="a">http://catalogue.bnf.fr/ark:/12148/cb42019223b</subfield><subfield code="2">uri</subfield></datafield><datafield ind1=" " ind2=" " tag="035"><subfield code="a">(swissbib)216921287-41slsp_network</subfield></datafield><datafield ind1=" " ind2=" " tag="035"><subfield code="a">216921287</subfield><subfield code="9">ExL</subfield></datafield><datafield ind1=" " ind2=" " tag="035"><subfield code="a">(RERO)R258310660-41slsp</subfield></datafield><datafield ind1=" " ind2=" " tag="035"><subfield code="a">(IDSBB)002020172DSV01</subfield></datafield><datafield ind1=" " ind2=" " tag="035"><subfield code="a">(NEBIS)002053490EBI01</subfield></datafield><datafield ind1=" " ind2=" " tag="035"><subfield code="a">(IDSLU)000185029ILU01</subfield></datafield><datafield ind1=" " ind2=" " tag="035"><subfield code="a">(ABN)000280254ABN01</subfield></datafield><datafield ind1=" " ind2=" " tag="035"><subfield code="a">(EXLNZ-41SLSP_NETWORK)991066850559705501</subfield></datafield><datafield ind1=" " ind2=" " tag="040"><subfield code="a">RERO frbcuc</subfield><subfield code="b">ger</subfield><subfield code="e">rda</subfield><subfield code="d">CH-ZuSLS</subfield></datafield><datafield ind1=" " ind2=" " tag="044"><subfield code="a">sz</subfield><subfield code="c">ch-be</subfield></datafield><datafield ind1=" " ind2="7" tag="072"><subfield code="a">ba</subfield><subfield code="2">rero</subfield></datafield><datafield ind1=" " ind2="7" tag="072"><subfield code="a">kh</subfield><subfield code="2">SzZuIDS BS/BE</subfield></datafield><datafield ind1=" " ind2="7" tag="072"><subfield code="a">460</subfield><subfield code="2">IDS LU</subfield></datafield><datafield ind1="1" ind2=" " tag="080"><subfield code="a">7MAI/OEI7Ret</subfield></datafield><datafield ind1="1" ind2=" " tag="080"><subfield code="a">904&quot;15/-&quot;(4CH)FR:738</subfield></datafield><datafield ind1="0" ind2="4" tag="082"><subfield code="a">759.9494</subfield><subfield code="b">G986i</subfield><subfield code="2">21</subfield></datafield><datafield ind1=" " ind2=" " tag="084"><subfield code="a">LL 80400</subfield><subfield code="2">rvk</subfield></datafield><datafield ind1="1" ind2=" " tag="100"><subfield code="6">880-06</subfield><subfield code="a">Gutscher, Charlotte</subfield><subfield code="d">1956-....</subfield><subfield code="0">(IDREF)092656137</subfield><subfield code="4">aut</subfield></datafield><datafield ind1="1" ind2=" " tag="880"><subfield code="6">100-06/(B</subfield><subfield code="a">Gutscher-Schmid, Charlotte</subfield><subfield code="d">1956-</subfield><subfield code="4">aut</subfield><subfield code="0">(DE-588)133966585</subfield></datafield><datafield ind1="1" ind2="0" tag="245"><subfield code="a">Im Zeichen der Nelke</subfield><subfield code="b">der Hochaltar der Franziskanerkirche in Freiburg i. Ü.</subfield><subfield code="c">Charlotte Gutscher und Verena Villiger ; mit Beiträgen von Alfred A. Schmid, Ernst Tremp und Kathrin Utz Tremp</subfield></datafield><datafield ind1=" " ind2="1" tag="264"><subfield code="a">Wabern-Bern</subfield><subfield code="b">Benteli Verl.</subfield><subfield code="c">[1999]</subfield></datafield><datafield ind1=" " ind2="4" tag="264"><subfield code="c">© 1999</subfield></datafield><datafield ind1=" " ind2=" " tag="300"><subfield code="a">279 Seiten</subfield><subfield code="b">Illustrationen</subfield><subfield code="c">33 cm</subfield></datafield><datafield ind1=" " ind2=" " tag="336"><subfield code="b">txt</subfield><subfield code="2">rdacontent</subfield></datafield><datafield ind1=" " ind2=" " tag="337"><subfield code="b">n</subfield><subfield code="2">rdamedia</subfield></datafield><datafield ind1=" " ind2=" " tag="338"><subfield code="b">nc</subfield><subfield code="2">rdacarrier</subfield></datafield><datafield ind1=" " ind2=" " tag="504"><subfield code="a">Bibliografia: pagine 263-273</subfield></datafield><datafield ind1="0" ind2="7" tag="600"><subfield code="a">Maître à l'oeillet</subfield><subfield code="0">(IDREF)256919968</subfield><subfield code="2">idref</subfield></datafield><datafield ind1="0" ind2="7" tag="600"><subfield code="a">Meister des Freiburger Hochaltars</subfield><subfield code="d">ca. 1. Drittel 15. Jh.</subfield><subfield code="0">(DE-588)12170162X</subfield><subfield code="2">gnd</subfield></datafield><datafield ind1="1" ind2="7" tag="600"><subfield code="a">Mentz, Albrecht</subfield><subfield code="0">(DE-588)121701859</subfield><subfield code="2">gnd</subfield></datafield><datafield ind1="2" ind2="0" tag="610"><subfield code="a">Franziskanerkirche (Fribourg, Switzerland)</subfield></datafield><datafield ind1=" " ind2="7" tag="648"><subfield code="a">Geschichte</subfield><subfield code="2">idszbz</subfield></datafield><datafield ind1=" " ind2="7" tag="648"><subfield code="a">Geschichte 1480-1697</subfield><subfield code="2">gnd</subfield></datafield><datafield ind1=" " ind2="7" tag="650"><subfield code="a">Retables</subfield><subfield code="0">(IDREF)027402649</subfield><subfield code="2">idref</subfield></datafield><datafield ind1=" " ind2="7" tag="650"><subfield code="a">Altar</subfield><subfield code="2">idszbz</subfield></datafield><datafield ind1=" " ind2="7" tag="650"><subfield code="a">Berner Nelkenmeister</subfield><subfield code="0">(DE-588)7603427-6</subfield><subfield code="2">gnd</subfield></datafield><datafield ind1=" " ind2="7" tag="650"><subfield code="a">Hochaltar</subfield><subfield code="0">(DE-588)4160081-2</subfield><subfield code="2">gnd</subfield></datafield><datafield ind1=" " ind2="7" tag="650"><subfield code="a">Retabel</subfield><subfield code="0">(DE-588)4136462-4</subfield><subfield code="2">gnd</subfield></datafield><datafield ind1=" " ind2="0" tag="650"><subfield code="a">Altarpieces, Gothic</subfield><subfield code="z">Switzerland</subfield><subfield code="z">Fribourg</subfield></datafield><datafield ind1=" " ind2="0" tag="650"><subfield code="a">Altarpieces, Swiss</subfield><subfield code="z">Switzerland</subfield><subfield code="z">Fribourg</subfield><subfield code="y">15th century</subfield></datafield><datafield ind1=" " ind2="0" tag="650"><subfield code="a">Altars</subfield><subfield code="z">Switzerland</subfield><subfield code="z">Fribourg</subfield></datafield><datafield ind1=" " ind2="0" tag="650"><subfield code="a">Incarnation in art</subfield></datafield><datafield ind1=" " ind2="0" tag="650"><subfield code="a">Painting, Medieval</subfield><subfield code="z">Switzerland</subfield><subfield code="v">Catalogs</subfield></datafield><datafield ind1=" " ind2="0" tag="650"><subfield code="a">Painting, Medieval</subfield><subfield code="z">Switzerland</subfield><subfield code="x">History and criticism</subfield></datafield><datafield ind1=" " ind2="0" tag="650"><subfield code="a">Panel painting, Gothic</subfield><subfield code="z">Switzerland</subfield><subfield code="z">Fribourg</subfield></datafield><datafield ind1=" " ind2="0" tag="650"><subfield code="a">Panel painting, Swiss</subfield><subfield code="z">Switzerland</subfield><subfield code="z">Fribourg</subfield><subfield code="y">15th century</subfield></datafield><datafield ind1=" " ind2="7" tag="650"><subfield code="a">FREIBURG, STADT (KANTON FREIBURG)</subfield><subfield code="9">ger</subfield><subfield code="0">(ETHUDK)000005692</subfield><subfield code="2">ethudk</subfield></datafield><datafield ind1=" " ind2="7" tag="650"><subfield code="a">KLOSTERKIRCHEN + KOLLEGIENKIRCHEN + ORDENSKIRCHEN (ARCHITEKTUR)</subfield><subfield code="9">ger</subfield><subfield code="0">(ETHUDK)000035651</subfield><subfield code="2">ethudk</subfield></datafield><datafield ind1=" " ind2="7" tag="650"><subfield code="a">SPÄTGOTISCHE KUNST</subfield><subfield code="9">ger</subfield><subfield code="0">(ETHUDK)000037256</subfield><subfield code="2">ethudk</subfield></datafield><datafield ind1=" " ind2="7" tag="650"><subfield code="a">TAFELMALEREI + ALTARBILDER</subfield><subfield code="9">ger</subfield><subfield code="0">(ETHUDK)000035855</subfield><subfield code="2">ethudk</subfield></datafield><datafield ind1=" " ind2="7" tag="651"><subfield code="a">Fribourg (Suisse, ville) - Les Cordeliers</subfield><subfield code="0">(RERO)A009991738</subfield><subfield code="2">rero</subfield></datafield><datafield ind1=" " ind2="7" tag="651"><subfield code="a">Freiburg (Schweiz); Franziskanerkirche</subfield><subfield code="2">idszbz</subfield></datafield><datafield ind1=" " ind2="7" tag="651"><subfield code="a">Schweiz</subfield><subfield code="2">idszbz</subfield></datafield><datafield ind1=" " ind2="7" tag="651"><subfield code="a">Franziskanerkirche</subfield><subfield code="g">Freiburg im Üechtland</subfield><subfield code="0">(DE-588)4369048-8</subfield><subfield code="2">gnd</subfield></datafield><datafield ind1=" " ind2=" " tag="690"><subfield code="a">Freiburg (Uechtland) : Kunst</subfield><subfield code="2">zbs-FS</subfield></datafield><datafield ind1=" " ind2=" " tag="690"><subfield code="a">Freiburg/Fribourg. Franziskanerkirche. Ausstattung</subfield><subfield code="2">uzb-US</subfield></datafield><datafield ind1=" " ind2=" " tag="690"><subfield code="a">Nelkenmeister</subfield><subfield code="2">uzb-US</subfield></datafield><datafield ind1=" " ind2=" " tag="690"><subfield code="a">Nentz, Albrecht</subfield><subfield code="2">uzb-US</subfield></datafield><datafield ind1=" " ind2=" " tag="690"><subfield code="a">Nentz, Albrecht, B: Werke</subfield><subfield code="2">rzs-L1</subfield></datafield><datafield ind1=" " ind2=" " tag="690"><subfield code="a">Rutenzweig, Bartholomäus, B: Werke</subfield><subfield code="2">rzs-L1</subfield></datafield><datafield ind1=" " ind2=" " tag="690"><subfield code="a">Franziskanerkirche. Freiburg-St., B: Hochaltar</subfield><subfield code="2">rzs-L1</subfield></datafield><datafield ind1=" " ind2=" " tag="690"><subfield code="a">Freiburg-St., B: Franziskanerkirche: Hochaltar</subfield><subfield code="2">rzs-L1</subfield></datafield><datafield ind1=" " ind2=" " tag="690"><subfield code="a">Malerei. Schweiz. Geschichte. 15/16. Jh.: Nelkenmeister</subfield><subfield code="2">rzs-L1</subfield></datafield><datafield ind1=" " ind2=" " tag="690"><subfield code="a">Nelkenmeister. Geschichte. 15/16. Jh.</subfield><subfield code="2">rzs-L1</subfield></datafield><datafield ind1=" " ind2=" " tag="691"><subfield code="e">700.034.5(494)</subfield><subfield code="2">usi-TM</subfield></datafield><datafield ind1="1" ind2=" " tag="700"><subfield code="a">Tremp, Ernst</subfield><subfield code="d">1948-....</subfield><subfield code="0">(IDREF)028564774</subfield><subfield code="4">ctb</subfield></datafield><datafield ind1="1" ind2=" " tag="700"><subfield code="a">Utz Tremp, Kathrin</subfield><subfield code="d">1950-....</subfield><subfield code="0">(IDREF)066991870</subfield><subfield code="4">ctb</subfield></datafield><datafield ind1="1" ind2=" " tag="700"><subfield code="6">880-04</subfield><subfield code="a">Villiger Steinauer, Verena</subfield><subfield code="d">1955-</subfield><subfield code="0">(DE-588)123494664</subfield><subfield code="4">aut</subfield></datafield><datafield ind1="1" ind2=" " tag="880"><subfield code="6">700-04</subfield><subfield code="a">Villiger Steinauer, Verena</subfield><subfield code="d">1955-....</subfield><subfield code="0">(IDREF)85972398</subfield><subfield code="4">aut</subfield></datafield><datafield ind1="1" ind2=" " tag="700"><subfield code="6">880-05</subfield><subfield code="a">Schmid, Alfred A.</subfield><subfield code="d">1920-2004</subfield><subfield code="0">(DE-588)143090429</subfield><subfield code="4">ctb</subfield></datafield><datafield ind1="1" ind2=" " tag="880"><subfield code="6">700-05</subfield><subfield code="a">Schmid, Alfred A.</subfield><subfield code="d">1920-2004</subfield><subfield code="0">(IDREF)028513258</subfield><subfield code="4">ctb</subfield></datafield><datafield ind1=" " ind2=" " tag="900"><subfield code="a">REROnoselfmerge</subfield></datafield><datafield ind1=" " ind2=" " tag="900"><subfield code="a">IDSZ2zbz mon 1999 10</subfield><subfield code="b">IDSZ2e</subfield><subfield code="c">IDSZ2geis</subfield></datafield><datafield ind1=" " ind2=" " tag="900"><subfield code="d">IDSZ2zbz swk 1999 10</subfield><subfield code="e">IDSZ2genh</subfield></datafield></record>
</metadata></record>