<record><header><identifier>oai:alma.41SLSP_UGE:991000099419705502</identifier><datestamp>2024-03-01T01:18:56Z</datestamp><setSpec>uge_bcen_RapidILL_BOOK</setSpec><setSpec>uge_aaca_RapidILL_BOOK</setSpec><setSpec>uge_abels_RapidILL_BOOK</setSpec><setSpec>uge_dbu_RapidILL_BOOK</setSpec><setSpec>uge_cmu_RapidILL_BOOK</setSpec><setSpec>uge_mail_RapidILL_BOOK</setSpec><setSpec>uge_abbat_RapidILL_BOOK</setSpec><setSpec>UNIGE_ALL</setSpec><setSpec>uge_acar_RapidILL_BOOK</setSpec><setSpec>uge_aobs_RapidILL_BOOK</setSpec></header><metadata>
<record xmlns="http://www.loc.gov/MARC21/slim" xmlns:xsi="http://www.w3.org/2001/XMLSchema-instance" xsi:schemaLocation="http://www.loc.gov/MARC21/slim http://www.loc.gov/standards/marcxml/schema/MARC21slim.xsd"><leader>03047nam a2200697 c 4500</leader><controlfield tag="001">991000099419705502</controlfield><controlfield tag="005">20240229132309.0</controlfield><controlfield tag="008">201011s2008    gw       ||||u110 u ger|d</controlfield><datafield ind1=" " ind2=" " tag="015"><subfield code="a">GFR-CIP-08,N45,0131</subfield><subfield code="a">DNB-08,A47,0118</subfield></datafield><datafield ind1="7" ind2=" " tag="016"><subfield code="a">990907694</subfield><subfield code="2">GyFmDB</subfield></datafield><datafield ind1=" " ind2=" " tag="020"><subfield code="a">9783495482209</subfield><subfield code="c">(kart.) ; EUR 59.00 (DE), EUR 60.70 (AT), sfr 99.50 (freier Pr.)</subfield></datafield><datafield ind1=" " ind2=" " tag="035"><subfield code="a">(swissbib)227818172-41slsp_network</subfield></datafield><datafield ind1=" " ind2=" " tag="035"><subfield code="a">227818172</subfield><subfield code="9">ExL</subfield></datafield><datafield ind1=" " ind2=" " tag="035"><subfield code="a">(NEBIS)005716007EBI01</subfield></datafield><datafield ind1=" " ind2=" " tag="035"><subfield code="a">(RERO)R006322864-41slsp</subfield></datafield><datafield ind1=" " ind2=" " tag="035"><subfield code="a">(IDSBB)004715597DSV01</subfield></datafield><datafield ind1=" " ind2=" " tag="035"><subfield code="a">(EXLNZ-41SLSP_NETWORK)991082698589705501</subfield></datafield><datafield ind1=" " ind2=" " tag="040"><subfield code="a">DDB</subfield><subfield code="d">CH-ZuSLS</subfield></datafield><datafield ind1="0" ind2=" " tag="041"><subfield code="a">ger</subfield></datafield><datafield ind1=" " ind2=" " tag="044"><subfield code="a">gw</subfield></datafield><datafield ind1=" " ind2="7" tag="072"><subfield code="a">ph</subfield><subfield code="2">rero</subfield></datafield><datafield ind1=" " ind2="7" tag="072"><subfield code="a">ph</subfield><subfield code="2">SzZuIDS BS/BE</subfield></datafield><datafield ind1="0" ind2="4" tag="082"><subfield code="a">146.7</subfield><subfield code="2">22/ger</subfield></datafield><datafield ind1=" " ind2=" " tag="084"><subfield code="a">CI 6801</subfield><subfield code="2">rvk</subfield></datafield><datafield ind1="0" ind2="0" tag="245"><subfield code="a">Researching with Whitehead</subfield><subfield code="b">system and adventure : essays in honor of John B. Cobb</subfield><subfield code="c">Franz Riffert, Hans-Joachim Sander (eds.)</subfield></datafield><datafield ind1=" " ind2=" " tag="250"><subfield code="a">Originalausg.</subfield></datafield><datafield ind1=" " ind2="1" tag="264"><subfield code="a">Freiburg [im Breisgau]</subfield><subfield code="b">K. Alber</subfield><subfield code="c">2008</subfield></datafield><datafield ind1=" " ind2=" " tag="300"><subfield code="a">562 p.</subfield><subfield code="b">ill.</subfield><subfield code="c">22 cm</subfield></datafield><datafield ind1=" " ind2=" " tag="336"><subfield code="b">txt</subfield><subfield code="2">rdacontent</subfield></datafield><datafield ind1=" " ind2=" " tag="337"><subfield code="b">n</subfield><subfield code="2">rdamedia</subfield></datafield><datafield ind1=" " ind2=" " tag="338"><subfield code="b">nc</subfield><subfield code="2">rdacarrier</subfield></datafield><datafield ind1=" " ind2=" " tag="500"><subfield code="a">Papers presented at the 6th International Whitehead Conference in Salzburg, 2006</subfield></datafield><datafield ind1=" " ind2=" " tag="504"><subfield code="a">Literaturangaben</subfield></datafield><datafield ind1="1" ind2="7" tag="600"><subfield code="a">Whitehead, Alfred North</subfield><subfield code="2">idszbz</subfield></datafield><datafield ind1="1" ind2="0" tag="600"><subfield code="a">Whitehead, Alfred North</subfield><subfield code="d">1861-1947</subfield><subfield code="v">Congresses</subfield></datafield><datafield ind1="1" ind2="7" tag="600"><subfield code="a">Whitehead, Alfred North</subfield><subfield code="d">1861-1947</subfield><subfield code="0">(IDREF)030321778</subfield><subfield code="2">idref</subfield></datafield><datafield ind1="1" ind2="7" tag="600"><subfield code="a">Whitehead, Alfred North</subfield><subfield code="d">1861-1947</subfield><subfield code="0">(DE-588)118632175</subfield><subfield code="2">gnd</subfield></datafield><datafield ind1=" " ind2="7" tag="650"><subfield code="a">Prozessphilosophie</subfield><subfield code="2">idszbz</subfield></datafield><datafield ind1=" " ind2="7" tag="650"><subfield code="a">Wissenschaft</subfield><subfield code="2">idszbz</subfield></datafield><datafield ind1=" " ind2="0" tag="650"><subfield code="a">Metaphysics</subfield><subfield code="v">Congresses</subfield></datafield><datafield ind1=" " ind2="0" tag="650"><subfield code="a">Science</subfield><subfield code="x">Philosophy</subfield><subfield code="v">Congresses</subfield></datafield><datafield ind1=" " ind2="7" tag="650"><subfield code="a">Devenir (philosophie)</subfield><subfield code="0">(IDREF)034834931</subfield><subfield code="2">idref</subfield></datafield><datafield ind1=" " ind2="7" tag="650"><subfield code="a">Prozessphilosophie</subfield><subfield code="0">(DE-588)4253919-5</subfield><subfield code="2">gnd</subfield></datafield><datafield ind1=" " ind2="7" tag="650"><subfield code="a">Wissenschaft</subfield><subfield code="0">(DE-588)4066562-8</subfield><subfield code="2">gnd</subfield></datafield><datafield ind1=" " ind2="7" tag="655"><subfield code="a">Konferenzschrift</subfield><subfield code="2">gnd-content</subfield></datafield><datafield ind1=" " ind2="7" tag="655"><subfield code="a">Actes de congrès</subfield><subfield code="0">(IDREF)02886431X</subfield><subfield code="2">idref</subfield></datafield><datafield ind1=" " ind2="7" tag="655"><subfield code="a">Festschrift</subfield><subfield code="2">gnd-content</subfield></datafield><datafield ind1=" " ind2="7" tag="655"><subfield code="a">Konferenzschrift</subfield><subfield code="z">Salzburg</subfield><subfield code="y">2006</subfield><subfield code="2">gnd-content</subfield></datafield><datafield ind1="1" ind2=" " tag="700"><subfield code="a">Cobb, John B</subfield><subfield code="d">1925-....</subfield><subfield code="0">(IDREF)028555287</subfield></datafield><datafield ind1="1" ind2=" " tag="700"><subfield code="a">Cobb, John Boswell</subfield></datafield><datafield ind1="1" ind2=" " tag="700"><subfield code="a">Cobb, John B.</subfield><subfield code="d">1925-</subfield><subfield code="0">(DE-588)118997130</subfield></datafield><datafield ind1="1" ind2=" " tag="700"><subfield code="a">Riffert, Franz</subfield><subfield code="d">1958-</subfield><subfield code="0">(DE-588)135854652</subfield><subfield code="6">880-03</subfield></datafield><datafield ind1="1" ind2=" " tag="880"><subfield code="a">Riffert, Franz</subfield><subfield code="0">(RERO)A003746474</subfield><subfield code="6">700-03</subfield></datafield><datafield ind1="2" ind2=" " tag="711"><subfield code="a">Internationales Whitehead-Symposion</subfield><subfield code="n">6</subfield><subfield code="d">2006</subfield><subfield code="c">Salzburg</subfield><subfield code="0">(RERO)A020065891</subfield></datafield><datafield ind1="2" ind2=" " tag="711"><subfield code="a">International Whitehead Conference</subfield><subfield code="n">6.</subfield><subfield code="d">2006</subfield><subfield code="c">Salzburg</subfield><subfield code="0">(DE-588)16098713-1</subfield></datafield><datafield ind1="2" ind2=" " tag="711"><subfield code="a">International Whitehead-Symposium</subfield><subfield code="0">(DE-588)1092349499</subfield></datafield><datafield ind1="4" ind2=" " tag="856"><subfield code="3">Titelblatt und Inhaltsverzeichnis</subfield><subfield code="u">https://toc.library.ethz.ch/objects/pdf/z01_978-3-495-48220-9_01.pdf</subfield><subfield code="q">pdf</subfield></datafield><datafield ind1="4" ind2=" " tag="856"><subfield code="u">https://deposit.dnb.de/cgi-bin/dokserv?id=3168170&amp;prov=M&amp;dok_var=1&amp;dok_ext=htm</subfield><subfield code="z">Inhaltstext</subfield></datafield><datafield ind1=" " ind2=" " tag="900"><subfield code="a">IDSZ2zbzmon200902f</subfield><subfield code="c">IDSZ2baeh</subfield><subfield code="d">IDSZ2zbzswk200903b</subfield><subfield code="e">IDSZ2somm</subfield></datafield><datafield ind1=" " ind2=" " tag="900"><subfield code="a">REROnoselfmerge</subfield></datafield><datafield ind1=" " ind2=" " tag="949"><subfield code="a">https://toc.library.ethz.ch/objects/pdf/z01_978-3-495-48220-9_01.pdf</subfield></datafield><datafield ind1=" " ind2=" " tag="949"><subfield code="a">https://deposit.dnb.de/cgi-bin/dokserv?id=3168170&amp;prov=M&amp;dok_var=1&amp;dok_ext=htm</subfield></datafield></record>
</metadata></record>