<record><header><identifier>oai:alma.41SLSP_UGE:991000099629705502</identifier><datestamp>2023-11-25T02:23:21Z</datestamp><setSpec>uge_bcen_RapidILL_BOOK</setSpec><setSpec>uge_aaca_RapidILL_BOOK</setSpec><setSpec>uge_abels_RapidILL_BOOK</setSpec><setSpec>uge_dbu_RapidILL_BOOK</setSpec><setSpec>uge_cmu_RapidILL_BOOK</setSpec><setSpec>uge_mail_RapidILL_BOOK</setSpec><setSpec>uge_abbat_RapidILL_BOOK</setSpec><setSpec>UNIGE_ALL</setSpec><setSpec>uge_acar_RapidILL_BOOK</setSpec><setSpec>uge_aobs_RapidILL_BOOK</setSpec></header><metadata>
<record xmlns="http://www.loc.gov/MARC21/slim" xmlns:xsi="http://www.w3.org/2001/XMLSchema-instance" xsi:schemaLocation="http://www.loc.gov/MARC21/slim http://www.loc.gov/standards/marcxml/schema/MARC21slim.xsd"><leader>01243naa a2200253 c 4500</leader><controlfield tag="001">991000099629705502</controlfield><controlfield tag="005">20230629193142.0</controlfield><controlfield tag="008">890525s1989    sz ||||| |||| 00| ||ger d</controlfield><datafield ind1=" " ind2=" " tag="035"><subfield code="a">(swissbib)083783210-41slsp_network</subfield></datafield><datafield ind1=" " ind2=" " tag="035"><subfield code="a">083783210</subfield><subfield code="9">ExL</subfield></datafield><datafield ind1=" " ind2=" " tag="035"><subfield code="a">(RERO)1115280-41slsp</subfield></datafield><datafield ind1=" " ind2=" " tag="035"><subfield code="a">(ALEX)bv01021866</subfield></datafield><datafield ind1=" " ind2=" " tag="035"><subfield code="a">(EXLNZ-41SLSP_NETWORK)991033459269705501</subfield></datafield><datafield ind1=" " ind2=" " tag="040"><subfield code="a">RERO geubfd</subfield><subfield code="d">CH-ZuSLS</subfield></datafield><datafield ind1=" " ind2="7" tag="072"><subfield code="a">dr</subfield><subfield code="2">rero</subfield></datafield><datafield ind1=" " ind2=" " tag="084"><subfield code="a">CA/CH 77 i</subfield><subfield code="2">cjurrom</subfield></datafield><datafield ind1="1" ind2=" " tag="100"><subfield code="a">Weber, Stefan</subfield><subfield code="c">dr en droit</subfield><subfield code="0">(RERO)A012416395</subfield><subfield code="4">cre</subfield></datafield><datafield ind1="1" ind2="0" tag="245"><subfield code="a">Zurechnungs- und Berechnungsprobleme bei der konstitutionellen Prädisposition</subfield><subfield code="b">Anmerkungen zu BGE 113 II 86</subfield><subfield code="c">Stephan Weber</subfield></datafield><datafield ind1=" " ind2=" " tag="336"><subfield code="b">txt</subfield><subfield code="2">rdacontent</subfield></datafield><datafield ind1=" " ind2=" " tag="337"><subfield code="b">n</subfield><subfield code="2">rdamedia</subfield></datafield><datafield ind1=" " ind2=" " tag="338"><subfield code="b">nc</subfield><subfield code="2">rdacarrier</subfield></datafield><datafield ind1=" " ind2=" " tag="580"><subfield code="a">In: Schweizerische Juristen-Zeitung. - Zürich. - Jg. 85 (1989), H. 5, S. 73-82</subfield></datafield><datafield ind1=" " ind2="7" tag="650"><subfield code="a">Haftung aus unerlaubter Handlung</subfield><subfield code="9">ger</subfield><subfield code="0">(RERO)jurivoc000010690ger</subfield><subfield code="2">jurivoc</subfield></datafield><datafield ind1=" " ind2="7" tag="650"><subfield code="a">Schaden</subfield><subfield code="9">ger</subfield><subfield code="0">(RERO)jurivoc000019408ger</subfield><subfield code="2">jurivoc</subfield></datafield><datafield ind1=" " ind2="7" tag="650"><subfield code="a">Berechnung</subfield><subfield code="9">ger</subfield><subfield code="0">(RERO)jurivoc000003232ger</subfield><subfield code="2">jurivoc</subfield></datafield><datafield ind1="0" ind2=" " tag="773"><subfield code="t">SJZ : schweizerische Juristen-Zeitung : Publikationsorgan des Schweizerischen Anwaltsverbandes = Revue suisse de jurisprudence : organe pour les publications officielles de la Fédération suisse des avocats</subfield><subfield code="g">1989/73</subfield><subfield code="g">yr:1989</subfield><subfield code="w">(RERO)0063128-41slsp</subfield></datafield></record>
</metadata></record>