<record><header><identifier>oai:alma.41SLSP_UGE:991000099219705502</identifier><datestamp>2024-02-13T01:19:21Z</datestamp><setSpec>uge_bcen_RapidILL_BOOK</setSpec><setSpec>uge_aaca_RapidILL_BOOK</setSpec><setSpec>uge_abels_RapidILL_BOOK</setSpec><setSpec>uge_dbu_RapidILL_BOOK</setSpec><setSpec>uge_cmu_RapidILL_BOOK</setSpec><setSpec>uge_mail_RapidILL_BOOK</setSpec><setSpec>uge_abbat_RapidILL_BOOK</setSpec><setSpec>UNIGE_ALL</setSpec><setSpec>uge_acar_RapidILL_BOOK</setSpec><setSpec>uge_aobs_RapidILL_BOOK</setSpec></header><metadata>
<record xmlns="http://www.loc.gov/MARC21/slim" xmlns:xsi="http://www.w3.org/2001/XMLSchema-instance" xsi:schemaLocation="http://www.loc.gov/MARC21/slim http://www.loc.gov/standards/marcxml/schema/MARC21slim.xsd"><leader>02597nam a2200613 ca4500</leader><controlfield tag="001">991000099219705502</controlfield><controlfield tag="005">20240212101154.0</controlfield><controlfield tag="008">201011m20139999fr            00| | fre|d</controlfield><datafield ind1=" " ind2=" " tag="020"><subfield code="a">9782406094180</subfield><subfield code="c">(tome 2 : broché)</subfield></datafield><datafield ind1=" " ind2=" " tag="020"><subfield code="a">9782406094197</subfield><subfield code="c">(tome 2 : relié)</subfield></datafield><datafield ind1=" " ind2=" " tag="020"><subfield code="a">9782406144953</subfield><subfield code="q">(tome 4 : broché)</subfield></datafield><datafield ind1=" " ind2=" " tag="020"><subfield code="a">9782406144960</subfield><subfield code="c">(tome 4 : relié)</subfield></datafield><datafield ind1=" " ind2=" " tag="020"><subfield code="a">9782812412516</subfield><subfield code="c">(tome 5 : broché)</subfield></datafield><datafield ind1=" " ind2=" " tag="020"><subfield code="a">9782812412523</subfield><subfield code="c">(tome 5 : relié)</subfield></datafield><datafield ind1=" " ind2=" " tag="035"><subfield code="a">(swissbib)224067737-41slsp_network</subfield></datafield><datafield ind1=" " ind2=" " tag="035"><subfield code="a">224067737</subfield><subfield code="9">ExL</subfield></datafield><datafield ind1=" " ind2=" " tag="035"><subfield code="a">(IDSBB)006197899DSV01</subfield></datafield><datafield ind1=" " ind2=" " tag="035"><subfield code="a">(RERO)R007557358-41slsp</subfield></datafield><datafield ind1=" " ind2=" " tag="035"><subfield code="a">(NEBIS)010094139EBI01</subfield></datafield><datafield ind1=" " ind2=" " tag="035"><subfield code="a">(EXLNZ-41SLSP_NETWORK)991038152179705501</subfield></datafield><datafield ind1=" " ind2=" " tag="040"><subfield code="a">AUXAM</subfield><subfield code="b">ger</subfield><subfield code="e">rda</subfield><subfield code="d">CH-ZuSLS</subfield></datafield><datafield ind1=" " ind2="7" tag="072"><subfield code="a">fl</subfield><subfield code="2">SzZuIDS BS/BE</subfield></datafield><datafield ind1=" " ind2="7" tag="072"><subfield code="a">fr</subfield><subfield code="2">rero</subfield></datafield><datafield ind1="1" ind2="4" tag="082"><subfield code="a">840</subfield><subfield code="2">15</subfield></datafield><datafield ind1="7" ind2="4" tag="082"><subfield code="a">840</subfield><subfield code="2">23sdnb</subfield></datafield><datafield ind1=" " ind2=" " tag="084"><subfield code="a">B</subfield><subfield code="2">23sdnb</subfield></datafield><datafield ind1="1" ind2=" " tag="100"><subfield code="6">880-01</subfield><subfield code="a">Scève, Maurice</subfield><subfield code="d">1500-1564</subfield><subfield code="0">(DE-588)118794833</subfield><subfield code="4">aut</subfield></datafield><datafield ind1="1" ind2=" " tag="880"><subfield code="6">100-01</subfield><subfield code="a">Scève, Maurice</subfield><subfield code="d">1511?-1564?</subfield><subfield code="0">(IDREF)027125343</subfield><subfield code="4">aut</subfield></datafield><datafield ind1="1" ind2="0" tag="240"><subfield code="a">Oeuvre</subfield></datafield><datafield ind1="1" ind2="0" tag="245"><subfield code="a">Oeuvres complètes</subfield><subfield code="c">Maurice Scève ; édition critique par Michèle Clément</subfield></datafield><datafield ind1=" " ind2="1" tag="264"><subfield code="a">Paris</subfield><subfield code="b">Classiques Garnier</subfield><subfield code="c">2013-</subfield></datafield><datafield ind1=" " ind2=" " tag="336"><subfield code="b">txt</subfield><subfield code="2">rdacontent</subfield></datafield><datafield ind1=" " ind2=" " tag="337"><subfield code="b">n</subfield><subfield code="2">rdamedia</subfield></datafield><datafield ind1=" " ind2=" " tag="338"><subfield code="b">nc</subfield><subfield code="2">rdacarrier</subfield></datafield><datafield ind1="1" ind2=" " tag="490"><subfield code="a">Textes de la Renaissance</subfield><subfield code="v">189 ; 219 ; 249</subfield></datafield><datafield ind1="1" ind2=" " tag="490"><subfield code="a">Textes de la Renaissance. Série Studiolo humaniste</subfield><subfield code="v">3 ; 6-7</subfield></datafield><datafield ind1=" " ind2=" " tag="504"><subfield code="a">Includes bibliographical references and index</subfield></datafield><datafield ind1="0" ind2="0" tag="505"><subfield code="g">Tome 2</subfield><subfield code="t">Arion, Blasons, Psaumes, Saulsaye</subfield></datafield><datafield ind1="0" ind2="0" tag="505"><subfield code="g">Tome 4</subfield><subfield code="t">Entrée d'Henri II à Lyon, 1548, Dédicaces et Pièces d'escorte</subfield></datafield><datafield ind1="0" ind2="0" tag="505"><subfield code="g">Tome 5</subfield><subfield code="t">Microcosme</subfield></datafield><datafield ind1=" " ind2="7" tag="650"><subfield code="a">Französisch</subfield><subfield code="0">(DE-588)4113615-9</subfield><subfield code="2">gnd</subfield></datafield><datafield ind1=" " ind2="7" tag="650"><subfield code="a">Philosophische Lyrik</subfield><subfield code="0">(DE-588)4785381-5</subfield><subfield code="2">gnd</subfield></datafield><datafield ind1=" " ind2="7" tag="655"><subfield code="a">Text</subfield><subfield code="2">gnd</subfield></datafield><datafield ind1=" " ind2="7" tag="655"><subfield code="a">Ausgabe</subfield><subfield code="2">idszbz</subfield></datafield><datafield ind1="1" ind2=" " tag="700"><subfield code="6">880-02</subfield><subfield code="a">Clément, Michèle</subfield><subfield code="d">1964-</subfield><subfield code="0">(DE-588)1033831891</subfield><subfield code="4">edt</subfield></datafield><datafield ind1="1" ind2=" " tag="880"><subfield code="6">700-02</subfield><subfield code="a">Clément, Michèle</subfield><subfield code="d">1964-....</subfield><subfield code="0">(IDREF)048696005</subfield><subfield code="4">edt</subfield></datafield><datafield ind1="4" ind2=" " tag="856"><subfield code="3">Titelblatt und Inhaltsverzeichnis</subfield><subfield code="u">https://toc.library.ethz.ch/objects/pdf03/z01_978-2-406-09418-0_01.pdf</subfield><subfield code="q">pdf</subfield></datafield><datafield ind1=" " ind2="0" tag="830"><subfield code="a">Textes de la Renaissance</subfield><subfield code="v">189</subfield><subfield code="w">(IDSBB)001195505DSV01</subfield></datafield><datafield ind1=" " ind2="0" tag="830"><subfield code="a">Textes de la Renaissance</subfield><subfield code="p">Série Studiolo humaniste</subfield><subfield code="v">3</subfield><subfield code="w">(IDSBB)005938989DSV01</subfield></datafield><datafield ind1=" " ind2="0" tag="830"><subfield code="a">Textes de la Renaissance</subfield><subfield code="v">189,219,249</subfield><subfield code="w">(RERO)2029536-41slsp</subfield></datafield><datafield ind1=" " ind2=" " tag="900"><subfield code="a">IDSZ2zbzmon201405f</subfield><subfield code="c">IDSZ2kalh</subfield><subfield code="d">IDSZ2zbzswk201405b</subfield><subfield code="e">IDSZ2lanz</subfield></datafield><datafield ind1=" " ind2=" " tag="900"><subfield code="a">OK_GND</subfield><subfield code="x">UZB/Z01/202310/lanz</subfield></datafield><datafield ind1=" " ind2=" " tag="900"><subfield code="a">Stoppsignal FRED</subfield><subfield code="x">UZB/Z01/202310</subfield></datafield><datafield ind1=" " ind2=" " tag="900"><subfield code="a">Stoppsignal FRED</subfield><subfield code="x">UBS/A100/202401</subfield></datafield><datafield ind1=" " ind2=" " tag="949"><subfield code="a">https://toc.library.ethz.ch/objects/pdf03/z01_978-2-406-09418-0_01.pdf</subfield></datafield></record>
</metadata></record>