<record><header><identifier>oai:alma.41SLSP_UGE:991000098699705502</identifier><datestamp>2023-03-01T01:10:31Z</datestamp><setSpec>uge_bcen_RapidILL_BOOK</setSpec><setSpec>uge_aaca_RapidILL_BOOK</setSpec><setSpec>uge_abels_RapidILL_BOOK</setSpec><setSpec>uge_dbu_RapidILL_BOOK</setSpec><setSpec>uge_cmu_RapidILL_BOOK</setSpec><setSpec>uge_mail_RapidILL_BOOK</setSpec><setSpec>UNIGE_ALL</setSpec><setSpec>uge_abbat_RapidILL_BOOK</setSpec><setSpec>uge_aobs_RapidILL_BOOK</setSpec><setSpec>uge_acar_RapidILL_BOOK</setSpec></header><metadata>
<record xmlns="http://www.loc.gov/MARC21/slim" xmlns:xsi="http://www.w3.org/2001/XMLSchema-instance" xsi:schemaLocation="http://www.loc.gov/MARC21/slim http://www.loc.gov/standards/marcxml/schema/MARC21slim.xsd"><leader>02566nam a2200649 c 4500</leader><controlfield tag="001">991000098699705502</controlfield><controlfield tag="005">20210130121058.0</controlfield><controlfield tag="008">201011s1992    sz ||||| |||| 00| ||ger d</controlfield><datafield ind1=" " ind2=" " tag="020"><subfield code="a">3764326891</subfield></datafield><datafield ind1=" " ind2=" " tag="035"><subfield code="a">(swissbib)211287601-41slsp_network</subfield></datafield><datafield ind1=" " ind2=" " tag="035"><subfield code="a">211287601</subfield><subfield code="9">ExL</subfield></datafield><datafield ind1=" " ind2=" " tag="035"><subfield code="a">(RERO)1568646-41slsp</subfield></datafield><datafield ind1=" " ind2=" " tag="035"><subfield code="a">(NEBIS)000644141EBI01</subfield></datafield><datafield ind1=" " ind2=" " tag="035"><subfield code="a">(SBT)000133260SBT01</subfield></datafield><datafield ind1=" " ind2=" " tag="035"><subfield code="a">(IDSSG)000826229HSB01</subfield></datafield><datafield ind1=" " ind2=" " tag="035"><subfield code="a">(IDSBB)000865334DSV01</subfield></datafield><datafield ind1=" " ind2=" " tag="035"><subfield code="a">(EXLNZ-41SLSP_NETWORK)991068931499705501</subfield></datafield><datafield ind1=" " ind2=" " tag="040"><subfield code="a">RERO geuarc</subfield><subfield code="d">CH-ZuSLS</subfield></datafield><datafield ind1=" " ind2=" " tag="044"><subfield code="a">sz</subfield><subfield code="a">xxu</subfield></datafield><datafield ind1=" " ind2="7" tag="072"><subfield code="a">at</subfield><subfield code="2">rero</subfield></datafield><datafield ind1=" " ind2="7" tag="072"><subfield code="a">kh</subfield><subfield code="2">SzZuIDS BS/BE</subfield></datafield><datafield ind1="0" ind2="4" tag="082"><subfield code="a">720/.92</subfield><subfield code="2">22</subfield></datafield><datafield ind1=" " ind2=" " tag="084"><subfield code="a">9,10</subfield><subfield code="2">ssgn</subfield></datafield><datafield ind1=" " ind2=" " tag="084"><subfield code="a">LI 99999</subfield><subfield code="2">rvk</subfield></datafield><datafield ind1=" " ind2=" " tag="084"><subfield code="a">ZH 4800</subfield><subfield code="2">rvk</subfield></datafield><datafield ind1="1" ind2=" " tag="100"><subfield code="a">Hierl, Rudolf</subfield><subfield code="0">(RERO)A003370659</subfield><subfield code="4">cre</subfield></datafield><datafield ind1="1" ind2="0" tag="245"><subfield code="a">Erwin Gutkind</subfield><subfield code="b">1886-1968 : Architektur als Stadtraumkunst</subfield><subfield code="c">Rudolf Hierl ; mit einem Vorwort von Julius Posener</subfield></datafield><datafield ind1=" " ind2="1" tag="264"><subfield code="a">Basel</subfield><subfield code="a">Berlin [etc.]</subfield><subfield code="b">Birkhäuser</subfield><subfield code="c">[1992]</subfield></datafield><datafield ind1=" " ind2="4" tag="264"><subfield code="c">© 1992</subfield></datafield><datafield ind1=" " ind2=" " tag="300"><subfield code="a">214 p.</subfield><subfield code="b">fig., photogr., plans</subfield><subfield code="c">23 cm</subfield></datafield><datafield ind1=" " ind2=" " tag="336"><subfield code="b">txt</subfield><subfield code="2">rdacontent</subfield></datafield><datafield ind1=" " ind2=" " tag="337"><subfield code="b">n</subfield><subfield code="2">rdamedia</subfield></datafield><datafield ind1=" " ind2=" " tag="338"><subfield code="b">nc</subfield><subfield code="2">rdacarrier</subfield></datafield><datafield ind1="1" ind2=" " tag="490"><subfield code="a">Edition Archibook</subfield></datafield><datafield ind1=" " ind2=" " tag="504"><subfield code="a">Bibliographie: S. 210-214</subfield></datafield><datafield ind1="1" ind2="7" tag="600"><subfield code="a">Gutkind, Erwin</subfield><subfield code="0">(RERO)A010092642</subfield><subfield code="2">rero</subfield></datafield><datafield ind1="1" ind2="7" tag="600"><subfield code="a">Gutkind, Erwin Anton</subfield><subfield code="d">1886-1968</subfield><subfield code="0">(DE-588)119014572</subfield><subfield code="2">gnd</subfield></datafield><datafield ind1="1" ind2="7" tag="600"><subfield code="a">Gutkind, Erwin</subfield><subfield code="2">idsbb</subfield></datafield><datafield ind1=" " ind2="7" tag="648"><subfield code="a">Geschichte 1921-1932</subfield><subfield code="2">gnd</subfield></datafield><datafield ind1=" " ind2="7" tag="650"><subfield code="a">1886-1968</subfield><subfield code="2">rero</subfield></datafield><datafield ind1=" " ind2="7" tag="650"><subfield code="a">GARTENSTÄDTE (STÄDTEBAU)</subfield><subfield code="9">ger</subfield><subfield code="0">(ETHUDK)000035380</subfield><subfield code="2">ethudk</subfield></datafield><datafield ind1=" " ind2="7" tag="650"><subfield code="a">LAND BERLIN, BUNDESLAND UND STADT (DEUTSCHLAND)</subfield><subfield code="9">ger</subfield><subfield code="0">(ETHUDK)000001834</subfield><subfield code="2">ethudk</subfield></datafield><datafield ind1=" " ind2="7" tag="650"><subfield code="a">MODERNE ARCHITEKTUR, ARCHITEKTUR DES 20. JAHRHUNDERTS</subfield><subfield code="9">ger</subfield><subfield code="0">(ETHUDK)000035512</subfield><subfield code="2">ethudk</subfield></datafield><datafield ind1=" " ind2="7" tag="650"><subfield code="a">NEUES BAUEN (ARCHITEKTUR)</subfield><subfield code="9">ger</subfield><subfield code="0">(ETHUDK)000047156</subfield><subfield code="2">ethudk</subfield></datafield><datafield ind1=" " ind2="7" tag="650"><subfield code="a">STÄDTISCHE WOHNGEBÄUDE (ARCHITEKTUR)</subfield><subfield code="9">ger</subfield><subfield code="0">(ETHUDK)000035705</subfield><subfield code="2">ethudk</subfield></datafield><datafield ind1=" " ind2="7" tag="650"><subfield code="a">WOHNSIEDLUNGEN (ARCHITEKTUR)</subfield><subfield code="9">ger</subfield><subfield code="0">(ETHUDK)000052857</subfield><subfield code="2">ethudk</subfield></datafield><datafield ind1=" " ind2="7" tag="650"><subfield code="a">WOHNVIERTEL + WOHNGEBIETE (STÄDTEBAU)</subfield><subfield code="9">ger</subfield><subfield code="0">(ETHUDK)000035416</subfield><subfield code="2">ethudk</subfield></datafield><datafield ind1=" " ind2="7" tag="650"><subfield code="a">&quot;1920/1930&quot;</subfield><subfield code="2">ethudk</subfield></datafield><datafield ind1=" " ind2="7" tag="650"><subfield code="a">Neues Bauen</subfield><subfield code="0">(DE-588)4129921-8</subfield><subfield code="2">gnd</subfield></datafield><datafield ind1=" " ind2="7" tag="650"><subfield code="a">Neues Bauen</subfield><subfield code="z">Berlin</subfield><subfield code="2">idsbb</subfield></datafield><datafield ind1=" " ind2="7" tag="650"><subfield code="a">Siedlungsbau</subfield><subfield code="z">Deutschland</subfield><subfield code="y">Geschichte 20. Jh</subfield><subfield code="2">idsbb</subfield></datafield><datafield ind1=" " ind2=" " tag="691"><subfield code="e">720.030</subfield><subfield code="2">usi-TM</subfield></datafield><datafield ind1="1" ind2=" " tag="700"><subfield code="a">Posener, Julius</subfield><subfield code="d">1904-1996</subfield><subfield code="0">(DE-588)118595938</subfield><subfield code="e">Verfasser eines Vorworts</subfield><subfield code="4">wpr</subfield></datafield><datafield ind1="1" ind2=" " tag="700"><subfield code="a">Gutkind, Erwin</subfield></datafield><datafield ind1="1" ind2=" " tag="700"><subfield code="a">Gutkind, Erwin Anton</subfield><subfield code="d">1886-1968</subfield><subfield code="0">(IDREF)035510560</subfield></datafield><datafield ind1=" " ind2="0" tag="830"><subfield code="a">Edition Archibook</subfield><subfield code="w">(SBT)000133262SBT01</subfield></datafield><datafield ind1=" " ind2=" " tag="900"><subfield code="a">REROnoselfmerge</subfield></datafield><datafield ind1=" " ind2=" " tag="900"><subfield code="a">IDSE5E86ANH-2005</subfield></datafield></record>
</metadata></record>