<record><header><identifier>oai:alma.41SLSP_UGE:991000099119705502</identifier><datestamp>2023-03-01T01:10:31Z</datestamp><setSpec>uge_bcen_RapidILL_BOOK</setSpec><setSpec>uge_aaca_RapidILL_BOOK</setSpec><setSpec>uge_abels_RapidILL_BOOK</setSpec><setSpec>uge_dbu_RapidILL_BOOK</setSpec><setSpec>uge_cmu_RapidILL_BOOK</setSpec><setSpec>uge_mail_RapidILL_BOOK</setSpec><setSpec>UNIGE_ALL</setSpec><setSpec>uge_abbat_RapidILL_BOOK</setSpec><setSpec>uge_acar_RapidILL_BOOK</setSpec><setSpec>uge_aobs_RapidILL_BOOK</setSpec></header><metadata>
<record xmlns="http://www.loc.gov/MARC21/slim" xmlns:xsi="http://www.w3.org/2001/XMLSchema-instance" xsi:schemaLocation="http://www.loc.gov/MARC21/slim http://www.loc.gov/standards/marcxml/schema/MARC21slim.xsd"><leader>02086nam a2200613 c 4500</leader><controlfield tag="001">991000099119705502</controlfield><controlfield tag="005">20230221210628.0</controlfield><controlfield tag="008">201012s1969    gw ||||| |||| 00| ||ger d</controlfield><datafield ind1=" " ind2=" " tag="035"><subfield code="a">(swissbib)234732393-41slsp_network</subfield></datafield><datafield ind1=" " ind2=" " tag="035"><subfield code="a">234732393</subfield><subfield code="9">ExL</subfield></datafield><datafield ind1=" " ind2=" " tag="035"><subfield code="a">(RERO)1206894-41slsp</subfield></datafield><datafield ind1=" " ind2=" " tag="035"><subfield code="a">(NEBIS)003167250EBI01</subfield></datafield><datafield ind1=" " ind2=" " tag="035"><subfield code="a">(IDSBB)000191352DSV01</subfield></datafield><datafield ind1=" " ind2=" " tag="035"><subfield code="a">(EXLNZ-41SLSP_NETWORK)991134169479705501</subfield></datafield><datafield ind1=" " ind2=" " tag="040"><subfield code="a">RERO geulsa</subfield><subfield code="d">CH-ZuSLS</subfield></datafield><datafield ind1=" " ind2="7" tag="072"><subfield code="a">ba</subfield><subfield code="2">rero</subfield></datafield><datafield ind1=" " ind2="7" tag="072"><subfield code="a">ha</subfield><subfield code="2">rero</subfield></datafield><datafield ind1=" " ind2="7" tag="072"><subfield code="a">kh</subfield><subfield code="2">SzZuIDS BS/BE</subfield></datafield><datafield ind1="1" ind2=" " tag="080"><subfield code="a">904:73</subfield></datafield><datafield ind1="0" ind2="4" tag="082"><subfield code="a">733</subfield></datafield><datafield ind1="1" ind2=" " tag="100"><subfield code="a">Blanck, Horst</subfield><subfield code="d">1936-....</subfield><subfield code="0">(IDREF)028763130</subfield><subfield code="4">cre</subfield></datafield><datafield ind1="1" ind2="0" tag="245"><subfield code="a">Wiederverwendung alter Statuen als Ehrendenkmaeler bei Griechen und Roemern</subfield><subfield code="c">Horst Blanck</subfield></datafield><datafield ind1=" " ind2="1" tag="264"><subfield code="a">Roma</subfield><subfield code="b">&quot;L'Erma&quot; di Bretschneider</subfield><subfield code="c">1969</subfield></datafield><datafield ind1=" " ind2=" " tag="300"><subfield code="a">128 S., 30 Taf.</subfield><subfield code="b">Ill.</subfield><subfield code="c">8'</subfield></datafield><datafield ind1=" " ind2=" " tag="336"><subfield code="b">txt</subfield><subfield code="2">rdacontent</subfield></datafield><datafield ind1=" " ind2=" " tag="337"><subfield code="b">n</subfield><subfield code="2">rdamedia</subfield></datafield><datafield ind1=" " ind2=" " tag="338"><subfield code="b">nc</subfield><subfield code="2">rdacarrier</subfield></datafield><datafield ind1="1" ind2=" " tag="490"><subfield code="a">Studia archaeologica</subfield><subfield code="v">11</subfield></datafield><datafield ind1=" " ind2=" " tag="502"><subfield code="a">Zugl.: Erw. Diss. Köln, 1962</subfield></datafield><datafield ind1=" " ind2="7" tag="648"><subfield code="a">Geschichte 800 v. Chr.-500</subfield><subfield code="2">gnd</subfield></datafield><datafield ind1=" " ind2="4" tag="648"><subfield code="a">Geschichte 800 v. Chr.-500</subfield></datafield><datafield ind1=" " ind2="7" tag="650"><subfield code="a">Sculpture grecque</subfield><subfield code="0">(IDREF)027248445</subfield><subfield code="2">idref</subfield></datafield><datafield ind1=" " ind2="7" tag="650"><subfield code="a">Sculpture romaine</subfield><subfield code="0">(IDREF)02724847X</subfield><subfield code="2">idref</subfield></datafield><datafield ind1=" " ind2="7" tag="650"><subfield code="a">Altertum</subfield><subfield code="0">(DE-588)4001480-0</subfield><subfield code="2">gnd</subfield></datafield><datafield ind1=" " ind2="7" tag="650"><subfield code="a">Denkmal</subfield><subfield code="0">(DE-588)4011453-3</subfield><subfield code="2">gnd</subfield></datafield><datafield ind1=" " ind2="7" tag="650"><subfield code="a">Statue</subfield><subfield code="0">(DE-588)4129665-5</subfield><subfield code="2">gnd</subfield></datafield><datafield ind1=" " ind2="7" tag="650"><subfield code="a">Statue</subfield><subfield code="0">(DE-588)4128340-5</subfield><subfield code="2">gnd</subfield></datafield><datafield ind1=" " ind2="7" tag="650"><subfield code="a">Wiederverwendung</subfield><subfield code="0">(DE-588)4240291-8</subfield><subfield code="2">gnd</subfield></datafield><datafield ind1=" " ind2="0" tag="650"><subfield code="a">Monuments</subfield></datafield><datafield ind1=" " ind2="0" tag="650"><subfield code="a">Portraits, Greek</subfield><subfield code="v">Catalogs</subfield></datafield><datafield ind1=" " ind2="0" tag="650"><subfield code="a">Portraits, Roman</subfield><subfield code="v">Catalogs</subfield></datafield><datafield ind1=" " ind2="0" tag="650"><subfield code="a">Sculpture, Greek</subfield></datafield><datafield ind1=" " ind2="0" tag="650"><subfield code="a">Sculpture, Roman</subfield></datafield><datafield ind1=" " ind2="0" tag="650"><subfield code="a">Statues</subfield></datafield><datafield ind1=" " ind2="4" tag="650"><subfield code="a">Altertum</subfield></datafield><datafield ind1=" " ind2="4" tag="650"><subfield code="a">Denkmal</subfield></datafield><datafield ind1=" " ind2="4" tag="650"><subfield code="a">Statue</subfield></datafield><datafield ind1=" " ind2="4" tag="650"><subfield code="a">Wiederverwendung</subfield></datafield><datafield ind1=" " ind2="7" tag="655"><subfield code="a">Hochschulschrift</subfield><subfield code="2">gnd-content</subfield></datafield><datafield ind1=" " ind2=" " tag="690"><subfield code="a">Antike Statuen und Büsten</subfield><subfield code="2">uzb-Z9</subfield></datafield><datafield ind1=" " ind2=" " tag="830"><subfield code="a">Studia Archaeologica</subfield><subfield code="p">Erma di Bretschneider</subfield><subfield code="v">11</subfield><subfield code="w">(RERO)0010646-41slsp</subfield></datafield><datafield ind1=" " ind2=" " tag="830"><subfield code="a">Studia archaeologica</subfield><subfield code="v">11</subfield><subfield code="w">(NEBIS)000988668EBI01</subfield></datafield><datafield ind1=" " ind2=" " tag="830"><subfield code="a">Studia archaeologica</subfield><subfield code="v">11</subfield><subfield code="w">(IDSBB)000026299DSV01</subfield></datafield><datafield ind1=" " ind2=" " tag="900"><subfield code="a">REROnoselfmerge</subfield></datafield><datafield ind1=" " ind2=" " tag="900"><subfield code="a">IDSZRMedeaZBZ</subfield></datafield></record>
</metadata></record>