<record><header><identifier>oai:alma.41SLSP_UGE:991000099329705502</identifier><datestamp>2023-03-01T01:10:31Z</datestamp><setSpec>uge_bcen_RapidILL_BOOK</setSpec><setSpec>uge_aaca_RapidILL_BOOK</setSpec><setSpec>uge_abels_RapidILL_BOOK</setSpec><setSpec>uge_dbu_RapidILL_BOOK</setSpec><setSpec>uge_cmu_RapidILL_BOOK</setSpec><setSpec>uge_mail_RapidILL_BOOK</setSpec><setSpec>UNIGE_ALL</setSpec><setSpec>uge_abbat_RapidILL_BOOK</setSpec><setSpec>uge_aobs_RapidILL_BOOK</setSpec><setSpec>uge_acar_RapidILL_BOOK</setSpec></header><metadata>
<record xmlns="http://www.loc.gov/MARC21/slim" xmlns:xsi="http://www.w3.org/2001/XMLSchema-instance" xsi:schemaLocation="http://www.loc.gov/MARC21/slim http://www.loc.gov/standards/marcxml/schema/MARC21slim.xsd"><leader>01829nam a22003372c 4500</leader><controlfield tag="001">991000099329705502</controlfield><controlfield tag="005">20210207120736.0</controlfield><controlfield tag="008">180326s2014    ch ||||| |||| 00| ||chi d</controlfield><datafield ind1=" " ind2=" " tag="020"><subfield code="a">9789868676817</subfield></datafield><datafield ind1=" " ind2=" " tag="020"><subfield code="a">9868676819</subfield></datafield><datafield ind1=" " ind2=" " tag="035"><subfield code="a">(swissbib)124668135-41slsp_network</subfield></datafield><datafield ind1=" " ind2=" " tag="035"><subfield code="a">124668135</subfield><subfield code="9">ExL</subfield></datafield><datafield ind1=" " ind2=" " tag="035"><subfield code="a">(RERO)R008780373-41slsp</subfield></datafield><datafield ind1=" " ind2=" " tag="035"><subfield code="a">(EXLNZ-41SLSP_NETWORK)991092635859705501</subfield></datafield><datafield ind1=" " ind2=" " tag="040"><subfield code="a">ZWZ</subfield><subfield code="b">fre</subfield><subfield code="e">ncafnor</subfield><subfield code="d">CH-ZuSLS</subfield></datafield><datafield ind1=" " ind2="7" tag="072"><subfield code="a">or</subfield><subfield code="2">rero</subfield></datafield><datafield ind1="0" ind2="0" tag="245"><subfield code="6">880-01</subfield><subfield code="a">Hua yu wen ting li ce yan, yue du ce yan</subfield><subfield code="b">ru men ji chu ji mo ni shi ti.</subfield><subfield code="n">1</subfield><subfield code="c">[guo jia hua yu ce yan tui dong gong zuo wei yuan hui bian]</subfield></datafield><datafield ind1="0" ind2="0" tag="880"><subfield code="6">245-01/$1</subfield><subfield code="a">華語文聽力測驗, 閱讀測驗</subfield><subfield code="b">入門基礎級模擬試題.</subfield><subfield code="n">1</subfield><subfield code="c">[國家華語測驗推動工作委員會編]</subfield></datafield><datafield ind1=" " ind2=" " tag="250"><subfield code="6">880-02</subfield><subfield code="a">Er ban.</subfield></datafield><datafield ind1=" " ind2=" " tag="880"><subfield code="6">250-02/$1</subfield><subfield code="a">二版</subfield></datafield><datafield ind1=" " ind2="1" tag="264"><subfield code="6">880-03</subfield><subfield code="a">Xinbei</subfield><subfield code="b">Guo jia hua yu ce yan tui dong gong zuo wei yuan hui</subfield><subfield code="c">impr. 2014</subfield></datafield><datafield ind1=" " ind2="1" tag="880"><subfield code="6">264-03/$1</subfield><subfield code="a">新北</subfield><subfield code="b">國家華語測驗推動工作委員會</subfield><subfield code="c">impr. 2014</subfield></datafield><datafield ind1=" " ind2=" " tag="300"><subfield code="a">1 vol. (83 p.)</subfield><subfield code="b">ill.</subfield><subfield code="c">30 cm</subfield><subfield code="e">1 CD Audio</subfield></datafield><datafield ind1=" " ind2=" " tag="336"><subfield code="b">txt</subfield><subfield code="2">rdacontent</subfield></datafield><datafield ind1=" " ind2=" " tag="337"><subfield code="b">n</subfield><subfield code="2">rdamedia</subfield></datafield><datafield ind1=" " ind2=" " tag="338"><subfield code="b">nc</subfield><subfield code="2">rdacarrier</subfield></datafield><datafield ind1=" " ind2=" " tag="500"><subfield code="a">Autre titre en anglais sur la couverture : &quot;TOCFL : listening, reading. Band A.&quot;</subfield></datafield><datafield ind1=" " ind2=" " tag="500"><subfield code="a">Catalogué d'après la couverture</subfield></datafield><datafield ind1="2" ind2=" " tag="710"><subfield code="6">880-04</subfield><subfield code="a">Guo jia hua yu ce yan tui dong gong zuo wei yuan hui</subfield><subfield code="g">Taibei</subfield><subfield code="0">(IDREF)166300934</subfield></datafield><datafield ind1="2" ind2=" " tag="880"><subfield code="6">710-04/$1</subfield><subfield code="a">國家華語測驗推動工作委員會 (臺北)</subfield><subfield code="4">edt</subfield></datafield><datafield ind1=" " ind2=" " tag="900"><subfield code="a">REROnoselfmerge</subfield></datafield><datafield ind1=" " ind2=" " tag="910"><subfield code="a">OCoLC</subfield><subfield code="b">20180326</subfield><subfield code="c">Droits réservés</subfield></datafield></record>
</metadata></record>