<record><header><identifier>oai:alma.41SLSP_UGE:991000098909705502</identifier><datestamp>2024-09-13T00:27:21Z</datestamp><setSpec>uge_bcen_RapidILL_BOOK</setSpec><setSpec>uge_aaca_RapidILL_BOOK</setSpec><setSpec>uge_abels_RapidILL_BOOK</setSpec><setSpec>uge_dbu_RapidILL_BOOK</setSpec><setSpec>uge_cmu_RapidILL_BOOK</setSpec><setSpec>uge_mail_RapidILL_BOOK</setSpec><setSpec>uge_abbat_RapidILL_BOOK</setSpec><setSpec>UNIGE_ALL</setSpec><setSpec>uge_aobs_RapidILL_BOOK</setSpec><setSpec>uge_acar_RapidILL_BOOK</setSpec></header><metadata>
<record xmlns="http://www.loc.gov/MARC21/slim" xmlns:xsi="http://www.w3.org/2001/XMLSchema-instance" xsi:schemaLocation="http://www.loc.gov/MARC21/slim http://www.loc.gov/standards/marcxml/schema/MARC21slim.xsd"><leader>01578nam a2200397 c 4500</leader><controlfield tag="001">991000098909705502</controlfield><controlfield tag="005">20240912192641.0</controlfield><controlfield tag="008">201011t20002000xxu           00| | eng  </controlfield><datafield ind1=" " ind2=" " tag="020"><subfield code="a">0121822265</subfield></datafield><datafield ind1="7" ind2=" " tag="024"><subfield code="a">http://catalogue.bnf.fr/ark:/12148/cb38829786x</subfield><subfield code="2">uri</subfield></datafield><datafield ind1=" " ind2=" " tag="035"><subfield code="a">(swissbib)227071689-41slsp_network</subfield></datafield><datafield ind1=" " ind2=" " tag="035"><subfield code="a">227071689</subfield><subfield code="9">ExL</subfield></datafield><datafield ind1=" " ind2=" " tag="035"><subfield code="a">(NEBIS)004029249EBI01</subfield></datafield><datafield ind1=" " ind2=" " tag="035"><subfield code="a">(IDSBB)005548264DSV01</subfield></datafield><datafield ind1=" " ind2=" " tag="035"><subfield code="a">(RERO)R277791360-41slsp</subfield></datafield><datafield ind1=" " ind2=" " tag="035"><subfield code="a">(EXLNZ-41SLSP_NETWORK)991061680919705501</subfield></datafield><datafield ind1=" " ind2=" " tag="040"><subfield code="a">IDS NEBIS ETH-BIB</subfield><subfield code="d">CH-ZuSLS</subfield></datafield><datafield ind1=" " ind2="7" tag="072"><subfield code="a">bi</subfield><subfield code="2">rero</subfield></datafield><datafield ind1="0" ind2="0" tag="245"><subfield code="a">Rho family</subfield><subfield code="c">ed. by W.E. Balch ... [et al.]</subfield></datafield><datafield ind1=" " ind2="1" tag="264"><subfield code="a">San Diego</subfield><subfield code="b">Academic Press</subfield><subfield code="c">[2000]</subfield></datafield><datafield ind1=" " ind2="4" tag="264"><subfield code="c">© 2000</subfield></datafield><datafield ind1=" " ind2=" " tag="300"><subfield code="a">XXXV, 547 p.</subfield><subfield code="b">ill.</subfield><subfield code="c">24 cm</subfield></datafield><datafield ind1=" " ind2=" " tag="336"><subfield code="b">txt</subfield><subfield code="2">rdacontent</subfield></datafield><datafield ind1=" " ind2=" " tag="337"><subfield code="b">n</subfield><subfield code="2">rdamedia</subfield></datafield><datafield ind1=" " ind2=" " tag="338"><subfield code="b">nc</subfield><subfield code="2">rdacarrier</subfield></datafield><datafield ind1="1" ind2=" " tag="490"><subfield code="a">Regulators and effectors of small GTPases</subfield><subfield code="v">part D</subfield></datafield><datafield ind1="1" ind2=" " tag="490"><subfield code="a">Methods in enzymology</subfield><subfield code="v">vol. 325</subfield></datafield><datafield ind1=" " ind2="7" tag="650"><subfield code="a">BIOCHEMISCHE UND MOLEKULARBIOLOGISCHE EXPERIMENTE, METHODEN UND TECHNIKEN</subfield><subfield code="9">ger</subfield><subfield code="0">(ETHUDK)000021367</subfield><subfield code="2">ethudk</subfield></datafield><datafield ind1=" " ind2="7" tag="650"><subfield code="a">GTPASEN (ENZYME)</subfield><subfield code="9">ger</subfield><subfield code="0">(ETHUDK)000052150</subfield><subfield code="2">ethudk</subfield></datafield><datafield ind1=" " ind2="7" tag="650"><subfield code="a">RHO-PROTEINE + RAC-PROTEINE (G-PROTEINE)</subfield><subfield code="9">ger</subfield><subfield code="0">(ETHUDK)000052967</subfield><subfield code="2">ethudk</subfield></datafield><datafield ind1=" " ind2=" " tag="690"><subfield code="a">577.15</subfield><subfield code="d">Enzyme</subfield><subfield code="2">uzb-UK</subfield></datafield><datafield ind1=" " ind2=" " tag="690"><subfield code="a">577.150.8</subfield><subfield code="d">Enzyme (Methoden)</subfield><subfield code="2">uzb-UE</subfield></datafield><datafield ind1="1" ind2=" " tag="700"><subfield code="a">Balch, William Edward</subfield><subfield code="d">1949-....</subfield><subfield code="0">(IDREF)05020615X</subfield></datafield><datafield ind1=" " ind2=" " tag="830"><subfield code="a">Methods in enzymology</subfield><subfield code="v">325</subfield><subfield code="w">(IDSBB)000024429DSV01</subfield></datafield><datafield ind1=" " ind2=" " tag="830"><subfield code="a">Small GTPases and their regulators</subfield><subfield code="v">D</subfield><subfield code="w">(NEBIS)001485745EBI01</subfield></datafield><datafield ind1=" " ind2=" " tag="830"><subfield code="a">Regulators and effectors of small GTPases</subfield><subfield code="v">D</subfield><subfield code="w">(RERO)R277790760-41slsp</subfield></datafield><datafield ind1=" " ind2=" " tag="900"><subfield code="a">REROnoselfmerge</subfield></datafield></record>
</metadata></record>