<record><header><identifier>oai:alma.41SLSP_UGE:991000099639705502</identifier><datestamp>2023-06-17T00:30:49Z</datestamp><setSpec>uge_bcen_RapidILL_BOOK</setSpec><setSpec>uge_aaca_RapidILL_BOOK</setSpec><setSpec>uge_abels_RapidILL_BOOK</setSpec><setSpec>uge_dbu_RapidILL_BOOK</setSpec><setSpec>uge_cmu_RapidILL_BOOK</setSpec><setSpec>uge_mail_RapidILL_BOOK</setSpec><setSpec>uge_abbat_RapidILL_BOOK</setSpec><setSpec>UNIGE_ALL</setSpec><setSpec>uge_acar_RapidILL_BOOK</setSpec><setSpec>uge_aobs_RapidILL_BOOK</setSpec></header><metadata>
<record xmlns="http://www.loc.gov/MARC21/slim" xmlns:xsi="http://www.w3.org/2001/XMLSchema-instance" xsi:schemaLocation="http://www.loc.gov/MARC21/slim http://www.loc.gov/standards/marcxml/schema/MARC21slim.xsd"><leader>01496nam a2200373 c 4500</leader><controlfield tag="001">991000099639705502</controlfield><controlfield tag="005">20230407174216.0</controlfield><controlfield tag="008">201012s1992    xxk||||| |||| 00| ||eng d</controlfield><datafield ind1=" " ind2=" " tag="020"><subfield code="a">0419173102</subfield></datafield><datafield ind1=" " ind2=" " tag="020"><subfield code="a">9780419173106</subfield></datafield><datafield ind1=" " ind2=" " tag="035"><subfield code="a">(swissbib)23887317X-41slsp_network</subfield></datafield><datafield ind1=" " ind2=" " tag="035"><subfield code="a">23887317X</subfield><subfield code="9">ExL</subfield></datafield><datafield ind1=" " ind2=" " tag="035"><subfield code="a">(RERO)1699176-41slsp</subfield></datafield><datafield ind1=" " ind2=" " tag="035"><subfield code="a">(NEBIS)000685139EBI01</subfield></datafield><datafield ind1=" " ind2=" " tag="035"><subfield code="a">(SBT)000766754SBT01</subfield></datafield><datafield ind1=" " ind2=" " tag="035"><subfield code="a">(EXLNZ-41SLSP_NETWORK)991156835439705501</subfield></datafield><datafield ind1=" " ind2=" " tag="040"><subfield code="a">RERO geuarc</subfield><subfield code="d">CH-ZuSLS</subfield></datafield><datafield ind1=" " ind2="7" tag="072"><subfield code="a">ur</subfield><subfield code="2">rero</subfield></datafield><datafield ind1="0" ind2="0" tag="245"><subfield code="a">&lt;&lt;The&gt;&gt; garden city</subfield><subfield code="b">past, present and future</subfield><subfield code="c">ed. by Stephen V. Ward</subfield></datafield><datafield ind1=" " ind2="1" tag="264"><subfield code="a">London</subfield><subfield code="a">Glasgow [etc.]</subfield><subfield code="b">E &amp; FN Spon</subfield><subfield code="c">1992</subfield></datafield><datafield ind1=" " ind2=" " tag="300"><subfield code="a">XIV, 215 p.</subfield><subfield code="b">photogr., fig., plans</subfield><subfield code="c">26 cm</subfield></datafield><datafield ind1=" " ind2=" " tag="336"><subfield code="b">txt</subfield><subfield code="2">rdacontent</subfield></datafield><datafield ind1=" " ind2=" " tag="337"><subfield code="b">n</subfield><subfield code="2">rdamedia</subfield></datafield><datafield ind1=" " ind2=" " tag="338"><subfield code="b">nc</subfield><subfield code="2">rdacarrier</subfield></datafield><datafield ind1="1" ind2=" " tag="490"><subfield code="a">Studies in history, planning and the environment</subfield><subfield code="v">15</subfield></datafield><datafield ind1=" " ind2="7" tag="650"><subfield code="a">Urbanisme</subfield><subfield code="0">(IDREF)027254925</subfield><subfield code="2">idref</subfield></datafield><datafield ind1=" " ind2="7" tag="650"><subfield code="a">Cités-jardins</subfield><subfield code="0">(IDREF)027444813</subfield><subfield code="2">idref</subfield></datafield><datafield ind1=" " ind2="7" tag="650"><subfield code="a">GARTENSTÄDTE (STÄDTEBAU)</subfield><subfield code="9">ger</subfield><subfield code="0">(ETHUDK)000035380</subfield><subfield code="2">ethudk</subfield></datafield><datafield ind1=" " ind2="7" tag="650"><subfield code="a">GESCHICHTE DER RAUMPLANUNG</subfield><subfield code="9">ger</subfield><subfield code="0">(ETHUDK)000042336</subfield><subfield code="2">ethudk</subfield></datafield><datafield ind1=" " ind2="7" tag="650"><subfield code="a">Città-giardino</subfield><subfield code="0">(SBT12)000010904</subfield><subfield code="2">sbt12</subfield></datafield><datafield ind1="1" ind2=" " tag="700"><subfield code="a">Ward, Stephen Victor</subfield><subfield code="d">1948-</subfield><subfield code="0">(DE-588)188448977</subfield><subfield code="6">880-02</subfield></datafield><datafield ind1="1" ind2=" " tag="880"><subfield code="a">Ward, Stephen Victor</subfield><subfield code="0">(RERO)A003958230</subfield><subfield code="6">700-02</subfield></datafield><datafield ind1=" " ind2=" " tag="830"><subfield code="a">Studies in History, Planning and the Environment</subfield><subfield code="v">15</subfield><subfield code="w">(RERO)0496553-41slsp</subfield></datafield><datafield ind1=" " ind2=" " tag="830"><subfield code="a">Studies in history, planning and the environment</subfield><subfield code="v">15</subfield><subfield code="w">(SBT)000166535SBT01</subfield></datafield><datafield ind1=" " ind2=" " tag="900"><subfield code="a">REROnoselfmerge</subfield></datafield></record>
</metadata></record>