<record><header><identifier>oai:alma.41SLSP_UGE:991000098709705502</identifier><datestamp>2023-06-30T00:18:39Z</datestamp><setSpec>uge_bcen_RapidILL_BOOK</setSpec><setSpec>uge_aaca_RapidILL_BOOK</setSpec><setSpec>uge_abels_RapidILL_BOOK</setSpec><setSpec>uge_dbu_RapidILL_BOOK</setSpec><setSpec>uge_cmu_RapidILL_BOOK</setSpec><setSpec>uge_mail_RapidILL_BOOK</setSpec><setSpec>uge_abbat_RapidILL_BOOK</setSpec><setSpec>UNIGE_ALL</setSpec><setSpec>uge_aobs_RapidILL_BOOK</setSpec><setSpec>uge_acar_RapidILL_BOOK</setSpec></header><metadata>
<record xmlns="http://www.loc.gov/MARC21/slim" xmlns:xsi="http://www.w3.org/2001/XMLSchema-instance" xsi:schemaLocation="http://www.loc.gov/MARC21/slim http://www.loc.gov/standards/marcxml/schema/MARC21slim.xsd"><leader>01685naa a22003257c 4500</leader><controlfield tag="001">991000098709705502</controlfield><controlfield tag="005">20230629195159.0</controlfield><controlfield tag="008">201012s2002    sz ----- ---- 00| --ger  </controlfield><datafield ind1=" " ind2=" " tag="035"><subfield code="a">(swissbib)236037544-41slsp_network</subfield></datafield><datafield ind1=" " ind2=" " tag="035"><subfield code="a">236037544</subfield><subfield code="9">ExL</subfield></datafield><datafield ind1=" " ind2=" " tag="035"><subfield code="a">(IDSSG)000260566HSB01</subfield></datafield><datafield ind1=" " ind2=" " tag="035"><subfield code="a">(RERO)R003248408-41slsp</subfield></datafield><datafield ind1=" " ind2=" " tag="035"><subfield code="a">(EXLNZ-41SLSP_NETWORK)991046670359705501</subfield></datafield><datafield ind1=" " ind2=" " tag="040"><subfield code="a">SzZuIDS HSG</subfield><subfield code="b">ger</subfield><subfield code="e">kids</subfield><subfield code="d">CH-ZuSLS</subfield></datafield><datafield ind1=" " ind2=" " tag="044"><subfield code="a">sz</subfield><subfield code="c">ch-be</subfield></datafield><datafield ind1=" " ind2="7" tag="072"><subfield code="a">dr</subfield><subfield code="2">rero</subfield></datafield><datafield ind1=" " ind2=" " tag="084"><subfield code="a">CA/CH 66.2 i</subfield><subfield code="2">cjurrom</subfield></datafield><datafield ind1="1" ind2=" " tag="100"><subfield code="6">880-01</subfield><subfield code="a">Geiser, Thomas</subfield><subfield code="c">juriste</subfield><subfield code="d">1952-....</subfield><subfield code="0">(IDREF)074170074</subfield><subfield code="4">cre</subfield></datafield><datafield ind1="1" ind2=" " tag="880"><subfield code="a">Geiser, Thomas</subfield><subfield code="d">1952-</subfield><subfield code="0">(DE-588)110484088</subfield><subfield code="6">100-01</subfield></datafield><datafield ind1="1" ind2="0" tag="245"><subfield code="a">Bedürfen Eheverträge der gerichtlichen Genehmigung?</subfield><subfield code="c">Thomas Geiser</subfield></datafield><datafield ind1=" " ind2="1" tag="264"><subfield code="c">2002</subfield></datafield><datafield ind1=" " ind2=" " tag="336"><subfield code="b">txt</subfield><subfield code="2">rdacontent</subfield></datafield><datafield ind1=" " ind2=" " tag="337"><subfield code="b">n</subfield><subfield code="2">rdamedia</subfield></datafield><datafield ind1=" " ind2=" " tag="338"><subfield code="b">nc</subfield><subfield code="2">rdacarrier</subfield></datafield><datafield ind1=" " ind2=" " tag="580"><subfield code="a">In: Privatrecht im Spannungsfeld zwischen gesellschaftlichem Wandel und ethischer Verantwortung. - Bern : Stämpfli, 2002. - S. 217-233</subfield></datafield><datafield ind1=" " ind2="7" tag="650"><subfield code="a">Ehevertrag</subfield><subfield code="9">ger</subfield><subfield code="0">(RERO)jurivoc000006158ger</subfield><subfield code="2">jurivoc</subfield></datafield><datafield ind1=" " ind2="7" tag="650"><subfield code="a">Vereinbarung über die Nebenfolgen der Ehescheidung</subfield><subfield code="9">ger</subfield><subfield code="0">(RERO)jurivoc000024317ger</subfield><subfield code="2">jurivoc</subfield></datafield><datafield ind1=" " ind2="7" tag="650"><subfield code="a">Bewilligung oder Genehmigung(allgemein)</subfield><subfield code="9">ger</subfield><subfield code="0">(RERO)jurivoc000003927ger</subfield><subfield code="2">jurivoc</subfield></datafield><datafield ind1=" " ind2="7" tag="650"><subfield code="a">richterliche Behörde</subfield><subfield code="9">ger</subfield><subfield code="0">(RERO)jurivoc000018932ger</subfield><subfield code="2">jurivoc</subfield></datafield><datafield ind1=" " ind2="7" tag="651"><subfield code="a">Schweiz</subfield><subfield code="9">ger</subfield><subfield code="0">(RERO)jurivoc000019912ger</subfield><subfield code="2">jurivoc</subfield></datafield><datafield ind1="0" ind2=" " tag="773"><subfield code="t">Privatrecht im Spannungsfeld zwischen gesellschaftlichem Wandel und ethischer Verantwortung : Beiträge zum Familienrecht, Erbrecht, Persönlichkeitsrecht, Haftpflichtrecht, Medizinalrecht und allgemeinen Privatrecht : Festschrift für Heinz Hausheer zum 65. Geburtstag</subfield><subfield code="g">217</subfield><subfield code="w">(RERO)R003245324-41slsp</subfield></datafield></record>
</metadata></record>