<record><header><identifier>oai:alma.41SLSP_UGE:991000098919705502</identifier><datestamp>2023-07-20T00:15:41Z</datestamp><setSpec>uge_bcen_RapidILL_BOOK</setSpec><setSpec>uge_aaca_RapidILL_BOOK</setSpec><setSpec>uge_abels_RapidILL_BOOK</setSpec><setSpec>uge_dbu_RapidILL_BOOK</setSpec><setSpec>uge_cmu_RapidILL_BOOK</setSpec><setSpec>uge_mail_RapidILL_BOOK</setSpec><setSpec>uge_abbat_RapidILL_BOOK</setSpec><setSpec>UNIGE_ALL</setSpec><setSpec>uge_aobs_RapidILL_BOOK</setSpec><setSpec>uge_acar_RapidILL_BOOK</setSpec></header><metadata>
<record xmlns="http://www.loc.gov/MARC21/slim" xmlns:xsi="http://www.w3.org/2001/XMLSchema-instance" xsi:schemaLocation="http://www.loc.gov/MARC21/slim http://www.loc.gov/standards/marcxml/schema/MARC21slim.xsd"><leader>00958naa a2200241 c 4500</leader><controlfield tag="001">991000098919705502</controlfield><controlfield tag="005">20230718172030.0</controlfield><controlfield tag="008">101214s2010    ne ||||| |||| 00| ||eng d</controlfield><datafield ind1=" " ind2=" " tag="035"><subfield code="a">(swissbib)111307260-41slsp_network</subfield></datafield><datafield ind1=" " ind2=" " tag="035"><subfield code="a">111307260</subfield><subfield code="9">ExL</subfield></datafield><datafield ind1=" " ind2=" " tag="035"><subfield code="a">(RERO)R005740278-41slsp</subfield></datafield><datafield ind1=" " ind2=" " tag="035"><subfield code="a">(EXLNZ-41SLSP_NETWORK)991129337899705501</subfield></datafield><datafield ind1=" " ind2=" " tag="040"><subfield code="a">RERO geucui</subfield><subfield code="d">CH-ZuSLS</subfield></datafield><datafield ind1=" " ind2="7" tag="072"><subfield code="a">in</subfield><subfield code="2">rero</subfield></datafield><datafield ind1="1" ind2=" " tag="100"><subfield code="a">Jadir, Lina al</subfield><subfield code="d">19..-....</subfield><subfield code="0">(IDREF)261834185</subfield><subfield code="4">cre</subfield></datafield><datafield ind1="1" ind2="0" tag="245"><subfield code="a">Reasoning with large ontologies stored in relational databases</subfield><subfield code="b">the OntoMinD approach</subfield><subfield code="c">Lina Al-Jadir, Christine Parent, Stefano Spaccapietra</subfield></datafield><datafield ind1=" " ind2=" " tag="336"><subfield code="b">txt</subfield><subfield code="2">rdacontent</subfield></datafield><datafield ind1=" " ind2=" " tag="337"><subfield code="b">n</subfield><subfield code="2">rdamedia</subfield></datafield><datafield ind1=" " ind2=" " tag="338"><subfield code="b">nc</subfield><subfield code="2">rdacarrier</subfield></datafield><datafield ind1=" " ind2=" " tag="580"><subfield code="a">In: Data &amp; [and] knowledge engineering. - Amsterdam. - Vol. 69(2010), no. 11, p. 1158-1180</subfield></datafield><datafield ind1="1" ind2=" " tag="700"><subfield code="a">Parent, Christine</subfield><subfield code="d">1948-....</subfield><subfield code="0">(IDREF)033079935</subfield></datafield><datafield ind1="1" ind2=" " tag="700"><subfield code="a">Spaccapietra, Stefano</subfield><subfield code="0">(IDREF)058113509</subfield></datafield><datafield ind1="0" ind2=" " tag="773"><subfield code="t">Data &amp; [and] knowledge engineering</subfield><subfield code="g">2010/69/1158</subfield><subfield code="g">yr:2010</subfield></datafield><datafield ind1=" " ind2=" " tag="900"><subfield code="a">REROnoselfmerge</subfield></datafield></record>
</metadata></record>