<record><header><identifier>oai:alma.41SLSP_UGE:991000099029705502</identifier><datestamp>2024-07-15T00:35:42Z</datestamp><setSpec>uge_bcen_RapidILL_BOOK</setSpec><setSpec>uge_aaca_RapidILL_BOOK</setSpec><setSpec>uge_abels_RapidILL_BOOK</setSpec><setSpec>uge_dbu_RapidILL_BOOK</setSpec><setSpec>uge_cmu_RapidILL_BOOK</setSpec><setSpec>uge_mail_RapidILL_BOOK</setSpec><setSpec>UNIGE_ALL</setSpec><setSpec>uge_abbat_RapidILL_BOOK</setSpec><setSpec>uge_aobs_RapidILL_BOOK</setSpec><setSpec>uge_acar_RapidILL_BOOK</setSpec></header><metadata>
<record xmlns="http://www.loc.gov/MARC21/slim" xmlns:xsi="http://www.w3.org/2001/XMLSchema-instance" xsi:schemaLocation="http://www.loc.gov/MARC21/slim http://www.loc.gov/standards/marcxml/schema/MARC21slim.xsd"><leader>01827naa a2200385 c 4500</leader><controlfield tag="001">991000099029705502</controlfield><controlfield tag="005">20230629191204.0</controlfield><controlfield tag="008">141203s2014    sz ||||| |||| 00| ||ger d</controlfield><datafield ind1=" " ind2=" " tag="035"><subfield code="a">(swissbib)120950634-41slsp_network</subfield></datafield><datafield ind1=" " ind2=" " tag="035"><subfield code="a">120950634</subfield><subfield code="9">ExL</subfield></datafield><datafield ind1=" " ind2=" " tag="035"><subfield code="a">(RERO)R008010769-41slsp</subfield></datafield><datafield ind1=" " ind2=" " tag="035"><subfield code="a">(ALEX)bv9925819095901791</subfield></datafield><datafield ind1=" " ind2=" " tag="035"><subfield code="a">(EXLNZ-41SLSP_NETWORK)991070200729705501</subfield></datafield><datafield ind1=" " ind2=" " tag="040"><subfield code="a">RERO iftfla</subfield><subfield code="d">CH-ZuSLS</subfield></datafield><datafield ind1=" " ind2=" " tag="044"><subfield code="a">sz</subfield><subfield code="c">ch-be</subfield></datafield><datafield ind1=" " ind2="7" tag="072"><subfield code="a">dr</subfield><subfield code="2">rero</subfield></datafield><datafield ind1=" " ind2=" " tag="084"><subfield code="a">CA/CH 66.2 i</subfield><subfield code="2">cjurrom</subfield></datafield><datafield ind1="1" ind2=" " tag="100"><subfield code="a">Fountoulakis, Christiana</subfield><subfield code="d">1977-....</subfield><subfield code="0">(IDREF)115493921</subfield><subfield code="4">cre</subfield></datafield><datafield ind1="1" ind2="0" tag="245"><subfield code="a">Quelques réflexions sur la conception de l'entretien en droit de la famille</subfield><subfield code="c">Christiana Fountoulakis, Bastien Khalfi</subfield></datafield><datafield ind1=" " ind2=" " tag="336"><subfield code="b">txt</subfield><subfield code="2">rdacontent</subfield></datafield><datafield ind1=" " ind2=" " tag="337"><subfield code="b">n</subfield><subfield code="2">rdamedia</subfield></datafield><datafield ind1=" " ind2=" " tag="338"><subfield code="b">nc</subfield><subfield code="2">rdacarrier</subfield></datafield><datafield ind1=" " ind2=" " tag="500"><subfield code="a">Texte en français avec résumé en français et allemand</subfield></datafield><datafield ind1=" " ind2=" " tag="500"><subfield code="a">Existe aussi sous forme électronique</subfield></datafield><datafield ind1=" " ind2=" " tag="580"><subfield code="a">In: La pratique du droit de la famille. - Berne. - Vol. 15(2014), no 4, p. 866-883</subfield></datafield><datafield ind1=" " ind2="7" tag="650"><subfield code="a">Familie</subfield><subfield code="9">ger</subfield><subfield code="0">(RERO)jurivoc000008098ger</subfield><subfield code="2">jurivoc</subfield></datafield><datafield ind1=" " ind2="7" tag="650"><subfield code="a">Ehegatte</subfield><subfield code="9">ger</subfield><subfield code="0">(RERO)jurivoc000006114ger</subfield><subfield code="2">jurivoc</subfield></datafield><datafield ind1=" " ind2="7" tag="650"><subfield code="a">geschiedene Person</subfield><subfield code="9">ger</subfield><subfield code="0">(RERO)jurivoc000009799ger</subfield><subfield code="2">jurivoc</subfield></datafield><datafield ind1=" " ind2="7" tag="650"><subfield code="a">rechtsgleiche Behandlung</subfield><subfield code="9">ger</subfield><subfield code="0">(RERO)jurivoc000018357ger</subfield><subfield code="2">jurivoc</subfield></datafield><datafield ind1=" " ind2="7" tag="650"><subfield code="a">Kind</subfield><subfield code="9">ger</subfield><subfield code="0">(RERO)jurivoc000012718ger</subfield><subfield code="2">jurivoc</subfield></datafield><datafield ind1=" " ind2="7" tag="650"><subfield code="a">Unterhaltspflicht</subfield><subfield code="9">ger</subfield><subfield code="0">(RERO)jurivoc000023835ger</subfield><subfield code="2">jurivoc</subfield></datafield><datafield ind1=" " ind2="7" tag="650"><subfield code="a">finanzielle Verhältnisse</subfield><subfield code="9">ger</subfield><subfield code="0">(RERO)jurivoc000008358ger</subfield><subfield code="2">jurivoc</subfield></datafield><datafield ind1=" " ind2="7" tag="650"><subfield code="a">Existenzminimum</subfield><subfield code="9">ger</subfield><subfield code="0">(RERO)jurivoc000007849ger</subfield><subfield code="2">jurivoc</subfield></datafield><datafield ind1=" " ind2="7" tag="650"><subfield code="a">Revision(Rechtssetzung)</subfield><subfield code="9">ger</subfield><subfield code="0">(RERO)jurivoc000018895ger</subfield><subfield code="2">jurivoc</subfield></datafield><datafield ind1=" " ind2="7" tag="651"><subfield code="a">Schweiz</subfield><subfield code="9">ger</subfield><subfield code="0">(RERO)jurivoc000019912ger</subfield><subfield code="2">jurivoc</subfield></datafield><datafield ind1="1" ind2=" " tag="700"><subfield code="a">Khalfi, Bastien</subfield><subfield code="0">(RERO)A024770980</subfield></datafield><datafield ind1="0" ind2=" " tag="773"><subfield code="t">Praxis des Familienrechts = La pratique du droit de la famille = La prassi del diritto di famiglia</subfield><subfield code="g">2014/866</subfield><subfield code="g">yr:2014</subfield></datafield></record>
</metadata></record>