<record><header><identifier>oai:alma.41SLSP_UGE:991000099239705502</identifier><datestamp>2023-11-25T03:40:34Z</datestamp><setSpec>uge_bcen_RapidILL_BOOK</setSpec><setSpec>uge_aaca_RapidILL_BOOK</setSpec><setSpec>uge_abels_RapidILL_BOOK</setSpec><setSpec>uge_dbu_RapidILL_BOOK</setSpec><setSpec>uge_cmu_RapidILL_BOOK</setSpec><setSpec>uge_mail_RapidILL_BOOK</setSpec><setSpec>uge_abbat_RapidILL_BOOK</setSpec><setSpec>UNIGE_ALL</setSpec><setSpec>uge_aobs_RapidILL_BOOK</setSpec><setSpec>uge_acar_RapidILL_BOOK</setSpec></header><metadata>
<record xmlns="http://www.loc.gov/MARC21/slim" xmlns:xsi="http://www.w3.org/2001/XMLSchema-instance" xsi:schemaLocation="http://www.loc.gov/MARC21/slim http://www.loc.gov/standards/marcxml/schema/MARC21slim.xsd"><leader>02971nam a2200697 c 4500</leader><controlfield tag="001">991000099239705502</controlfield><controlfield tag="005">20230327185611.0</controlfield><controlfield tag="008">201011s1996    xxk||||| |||| 10| ||eng d</controlfield><datafield ind1=" " ind2=" " tag="020"><subfield code="a">1857531531</subfield><subfield code="q">flexicover</subfield></datafield><datafield ind1=" " ind2=" " tag="035"><subfield code="a">(swissbib)229681603-41slsp_network</subfield></datafield><datafield ind1=" " ind2=" " tag="035"><subfield code="a">229681603</subfield><subfield code="9">ExL</subfield></datafield><datafield ind1=" " ind2=" " tag="035"><subfield code="a">(RERO)2210376-41slsp</subfield></datafield><datafield ind1=" " ind2=" " tag="035"><subfield code="a">(NEBIS)001643091EBI01</subfield></datafield><datafield ind1=" " ind2=" " tag="035"><subfield code="a">(IDSBB)001273042DSV01</subfield></datafield><datafield ind1=" " ind2=" " tag="035"><subfield code="a">(IDSSG)000161337HSB01</subfield></datafield><datafield ind1=" " ind2=" " tag="035"><subfield code="a">(ALEX)bv001169966</subfield></datafield><datafield ind1=" " ind2=" " tag="035"><subfield code="a">(EXLNZ-41SLSP_NETWORK)991009074469705501</subfield></datafield><datafield ind1=" " ind2=" " tag="040"><subfield code="a">RERO geuieg</subfield><subfield code="d">CH-ZuSLS</subfield></datafield><datafield ind1=" " ind2=" " tag="044"><subfield code="a">xxk</subfield><subfield code="a">xxu</subfield></datafield><datafield ind1=" " ind2="7" tag="072"><subfield code="a">sp</subfield><subfield code="2">rero</subfield></datafield><datafield ind1=" " ind2="7" tag="072"><subfield code="a">po</subfield><subfield code="2">SzZuIDS BS/BE</subfield></datafield><datafield ind1="0" ind2="0" tag="082"><subfield code="a">327.1/01</subfield><subfield code="2">20</subfield></datafield><datafield ind1="1" ind2="4" tag="082"><subfield code="a">320</subfield><subfield code="2">15</subfield></datafield><datafield ind1=" " ind2=" " tag="084"><subfield code="a">MK 2150</subfield><subfield code="2">rvk</subfield></datafield><datafield ind1=" " ind2=" " tag="084"><subfield code="a">ML 1100</subfield><subfield code="2">rvk</subfield></datafield><datafield ind1="0" ind2="0" tag="245"><subfield code="a">Small states and the security challenge in the new Europe</subfield><subfield code="c">ed. by Werner Bauwens, Armand Clesse and Olav F. Knudsen ; associate ed. Nicholas Sherwen</subfield></datafield><datafield ind1=" " ind2=" " tag="250"><subfield code="a">1st English ed.</subfield></datafield><datafield ind1=" " ind2="1" tag="264"><subfield code="a">London</subfield><subfield code="a">Washington</subfield><subfield code="b">Brassey's</subfield><subfield code="c">1996</subfield></datafield><datafield ind1=" " ind2=" " tag="300"><subfield code="a">XXIII, 247 p.</subfield><subfield code="b">ill.</subfield><subfield code="c">21 cm</subfield></datafield><datafield ind1=" " ind2=" " tag="336"><subfield code="b">txt</subfield><subfield code="2">rdacontent</subfield></datafield><datafield ind1=" " ind2=" " tag="337"><subfield code="b">n</subfield><subfield code="2">rdamedia</subfield></datafield><datafield ind1=" " ind2=" " tag="338"><subfield code="b">nc</subfield><subfield code="2">rdacarrier</subfield></datafield><datafield ind1="1" ind2=" " tag="490"><subfield code="a">Brassey's Atlantic commentaries</subfield><subfield code="v">8</subfield></datafield><datafield ind1=" " ind2=" " tag="500"><subfield code="a">Conference organised by the Luxembourg Institute for European and International Studies on 22 and 23 October 1993 in Luxembourg</subfield></datafield><datafield ind1=" " ind2=" " tag="500"><subfield code="a">The conference was held on 22 and 23 October 1993 at the Castle of Bourglinster in Luxembourg</subfield></datafield><datafield ind1=" " ind2=" " tag="504"><subfield code="a">Literaturverz.</subfield></datafield><datafield ind1=" " ind2="7" tag="648"><subfield code="a">Geschichte 1989-1996</subfield><subfield code="2">gnd</subfield></datafield><datafield ind1=" " ind2="7" tag="650"><subfield code="a">petit Etat</subfield><subfield code="0">(RERO)A010018287</subfield><subfield code="2">rerovoc</subfield></datafield><datafield ind1=" " ind2="7" tag="650"><subfield code="a">Sécurité internationale</subfield><subfield code="0">(IDREF)027356884</subfield><subfield code="2">idref</subfield></datafield><datafield ind1=" " ind2="7" tag="650"><subfield code="a">Kleinstaat</subfield><subfield code="2">idszbz</subfield></datafield><datafield ind1=" " ind2="7" tag="650"><subfield code="a">Sicherheitspolitik</subfield><subfield code="2">idszbz</subfield></datafield><datafield ind1=" " ind2="0" tag="650"><subfield code="a">International relations</subfield></datafield><datafield ind1=" " ind2="0" tag="650"><subfield code="a">States, Small</subfield></datafield><datafield ind1=" " ind2="7" tag="650"><subfield code="a">KLEINSTAATEN (POLITIK)</subfield><subfield code="9">ger</subfield><subfield code="0">(ETHUDK)000010120</subfield><subfield code="2">ethudk</subfield></datafield><datafield ind1=" " ind2="7" tag="650"><subfield code="a">PHASE NACH DEM KALTEN KRIEG (INTERNATIONALE POLITIK)</subfield><subfield code="9">ger</subfield><subfield code="0">(ETHUDK)000051284</subfield><subfield code="2">ethudk</subfield></datafield><datafield ind1=" " ind2="7" tag="650"><subfield code="a">WEHRPOLITIK + SICHERHEITSPOLITIK + MILITÄRPOLITIK (INNENPOLITIK)</subfield><subfield code="9">ger</subfield><subfield code="0">(ETHUDK)000011733</subfield><subfield code="2">ethudk</subfield></datafield><datafield ind1=" " ind2="7" tag="650"><subfield code="a">Kleinstaat</subfield><subfield code="x">Sicherheitspolitik</subfield><subfield code="z">Europa</subfield><subfield code="v">Kongressbericht</subfield><subfield code="2">idsbb</subfield></datafield><datafield ind1=" " ind2="7" tag="650"><subfield code="a">Sicherheitspolitik</subfield><subfield code="x">Kleinstaat</subfield><subfield code="z">Europa</subfield><subfield code="v">Kongressbericht</subfield><subfield code="2">idsbb</subfield></datafield><datafield ind1=" " ind2="7" tag="650"><subfield code="a">Kleinstaat</subfield><subfield code="0">(DE-588)4127871-9</subfield><subfield code="2">gnd</subfield></datafield><datafield ind1=" " ind2="7" tag="650"><subfield code="a">Sicherheitspolitik</subfield><subfield code="0">(DE-588)4116489-1</subfield><subfield code="2">gnd</subfield></datafield><datafield ind1=" " ind2="7" tag="651"><subfield code="a">Europe</subfield><subfield code="0">(IDREF)027224651</subfield><subfield code="2">idref</subfield></datafield><datafield ind1=" " ind2="7" tag="651"><subfield code="a">Europa</subfield><subfield code="2">idszbz</subfield></datafield><datafield ind1=" " ind2="7" tag="651"><subfield code="a">Europa</subfield><subfield code="0">(DE-588)4015701-5</subfield><subfield code="2">gnd</subfield></datafield><datafield ind1=" " ind2="7" tag="655"><subfield code="a">Actes de congrès</subfield><subfield code="0">(IDREF)02886431X</subfield><subfield code="2">idref</subfield></datafield><datafield ind1=" " ind2="7" tag="655"><subfield code="a">Aufsatzsammlung</subfield><subfield code="2">idszbz</subfield></datafield><datafield ind1=" " ind2="7" tag="655"><subfield code="a">Aufsatzsammlung</subfield><subfield code="2">gnd-content</subfield></datafield><datafield ind1=" " ind2="7" tag="655"><subfield code="a">Konferenzschrift</subfield><subfield code="z">Bourglinster</subfield><subfield code="y">1993/10</subfield><subfield code="2">gnd-content</subfield></datafield><datafield ind1=" " ind2="7" tag="655"><subfield code="a">Konferenzschrift</subfield><subfield code="z">Luxemburg (Stadt)</subfield><subfield code="y">1993</subfield><subfield code="2">gnd-content</subfield></datafield><datafield ind1="1" ind2=" " tag="700"><subfield code="a">Sherwen, Nicholas</subfield></datafield><datafield ind1="1" ind2=" " tag="700"><subfield code="a">Bauwens, Werner</subfield><subfield code="0">(IDREF)225583690</subfield></datafield><datafield ind1="2" ind2=" " tag="710"><subfield code="a">Luxembourg Institute for European and International Studies (Luxembourg)</subfield><subfield code="b">Conference</subfield><subfield code="d">1993</subfield><subfield code="c">Luxembourg</subfield><subfield code="0">(RERO)A012326030</subfield></datafield><datafield ind1=" " ind2=" " tag="830"><subfield code="a">Brassey's atlantic commentaries</subfield><subfield code="v">8</subfield><subfield code="w">(RERO)1609454-41slsp</subfield></datafield><datafield ind1=" " ind2=" " tag="900"><subfield code="a">REROnoselfmerge</subfield></datafield><datafield ind1=" " ind2=" " tag="961"><subfield code="2">gsi</subfield><subfield code="a">341.6</subfield><subfield code="9">LOCAL</subfield></datafield></record>
</metadata></record><resumptionToken>1900-01-01@all@UNIGE_ALL@marc21@5986594460005502</resumptionToken></ListRecords></OAI-PMH>